4614 5718
1128 215 1338 362 ga.-

357 455 461 520 domos
475 451 609 542 omisit),
628 475 666 520 ne
683 456 747 538 qui
764 457 894 522 aneso
912 456 1007 522 dolus.
1044 455 1094 522 De
1108 457 1209 523 simili
1223 457 1308 543 apud
1322 456 1505 523 Martialem
1524 463 1558 523 et
1577 455 1767 534 Sallustium
1786 454 1933 520 lectionis
1949 453 2107 519 uarietate

358 583 461 646 nuper
478 561 546 645 egit
566 561 733 629 Gilbertus
752 561 953 629 Fleckeisem'
972 563 1136 629 annalium
1160 565 1224 630 uol.
1248 563 1399 630 cxxvii
1422 584 1496 651 pag.
1516 563 1580 630 643
1600 585 1647 647 sq.
1693 562 1844 649 Adiungo
1868 560 1953 646 apud
1975 559 2106 626 Florum

357 666 421 752 ΙΙΙ,
447 670 479 754 1,
506 670 521 732 l
547 666 615 754 (57,
633 665 690 756 20)
719 669 752 734 16
781 666 872 735 Β*Ν
902 674 1013 735 extare
1039 671 1102 754 qui
1128 676 1263 754 mereret
1281 677 1355 754 post
1381 670 1599 754 Uarthope'nem
1625 671 1751 754 aliquod
1775 671 1811 733 in
1833 668 1947 749 Africa
1975 665 2107 734 bellum?

516 783 548 851 1,
569 784 617 852 17,
639 786 663 840 4
685 785 750 852 (21,
768 773 839 863 24);
866 782 910 842 set
936 777 1016 843 nibil
1042 776 1152 842 loomnn
1180 780 1289 844 terruit
1314 780 1431 864 ducem,
1458 779 1546 860 6616
1571 777 1672 858 fratre
1695 778 1867 862 praemisso
1897 775 2108 858 exploraret

355 901 497 946 66666666.
548 881 602 948 Sic
625 884 688 948 eB
717 881 765 970 (in
787 883 810 949 J
833 888 883 948 est
911 883 1084 970 eaplorare)
1112 884 1252 951 Jahnius
1282 885 1505 971 Balmiusque.
1558 883 1651 962 Quod
1679 906 1738 970 per
1767 905 1802 950 se
1832 886 2012 968 spectatum
2042 901 2108 946 non

355 986 490 1074 habere,
514 1011 577 1074 quo
601 990 756 1078 offendat,
779 1011 973 1078 cognoscere
996 991 1073 1056 licet
1100 1015 1137 1056 ex
1167 992 1228 1077 eis,
1254 1014 1337 1078 quae
1365 995 1441 1057 sunt
1467 991 1552 1075 apud
1581 990 1781 1076 Draegerum
1808 991 1830 1056 l.
1849 1013 1874 1055 6.
1893 995 1917 1054 6.
1941 988 2054 1073 6528,
2077 988 2107 1053 3.

357 1093 432 1182 Sed,
463 1095 548 1180 quod
572 1096 606 1162 in
628 1095 661 1162 N
684 1102 748 1182 661,
777 1098 927 1184 caplorat,
956 1097 990 1162 id
1020 1099 1072 1164 uel
1105 1120 1144 1164 ea
1173 1097 1212 1163 de
1243 1120 1340 1163 carrea
1368 1097 1586 1184 recipiendum
1613 1097 1755 1182 uidetur,
1784 1096 1868 1183 quod
1898 1095 2106 1162 antecedente

356 1202 579 1268 coniunctione
609 1205 697 1287 quin
727 1205 831 1270 multo
858 1204 987 1270 facilius
1015 1204 1086 1269 lieri
1114 1205 1235 1289 potuit,
1264 1209 1300 1268 ut
1327 1227 1347 1270 a
1369 1204 1512 1270 librariis
1540 1205 1680 1289 eaplorat
1705 1205 1739 1270 in
1766 1205 1938 1288 exploraret
1963 1223 2105 1268 corrum-

355 1313 499 1396 peretur,
522 1333 619 1395 qucm
639 1311 812 1394 exploraret
829 1311 863 1376 in
880 1313 1026 1395 eaplorot.
1063 1309 1272 1377 Scribendum
1291 1311 1393 1398 igitur
1416 1333 1488 1377 cum
1507 1309 1680 1378 Salmasio:
1703 1317 1748 1377 sot
1767 1309 1847 1376 nibil
1869 1310 1979 1376 bmuom
1997 1307 2108 1374 'terruit

354 1419 467 1482 (locun.
499 1419 587 1499 quin
608 1417 709 1498 fratre
724 1420 897 1500 praemisso
919 1419 1085 1502 explorat
1111 1438 1254 1483 66666666.
1299 1416 1447 1502 Accedit,
1476 1419 1560 1504 quod
1585 1418 1650 1483 alio
1674 1439 1803 1505 quoque
1825 1417 1895 1484 loco
1919 1417 1954 1481 in
1975 1415 2005 1481 N
2030 1417 2107 1500 pain

355 1528 528 1609 seruatum,
547 1523 581 1588 in
595 1523 623 1589 B
638 1525 672 1590 in
687 1527 763 1608 6616
781 1523 890 1612 (idque
904 1526 989 1591 male
1004 1525 1225 1611 probauerunt
1238 1524 1260 1591 J
1262 1523 1378 1590 chains
1393 1522 1623 1612 Halmiuaque)
1643 1529 1829 1612 corruptum
1849 1529 1912 1591 est:
1929 1531 1997 1602 111,
2015 1533 2069 1600 19,
2088 1534 2107 1588 '7

354 1639 424 1706 (99,
443 1640 473 1704 7)
500 1633 589 1714 quin
612 1631 692 1698 illud
714 1653 831 1716 qnoque
849 1633 994 1698 nltimam
1012 1633 1136 1698 6666666
1154 1631 1237 1717 belli,
1255 1637 1346 1715 mpla
1363 1638 1437 1698 sunt
1452 1637 1556 1698 matra
1569 1637 1756 1714 praetorum.
1801 1631 1947 1697 Tertium
1966 1629 2106 1716 adiungo

353 1736 460 1802 locum
482 1745 551 1816 111,
570 1750 630 1816 2ο,
649 1750 670 1803 9
694 1749 757 1816 (97,
776 1750 809 1814 a)
831 1741 921 1822 quin
943 1739 1154 1820 defunctorum
1175 1759 1291 1821 qnoque
1305 1740 1424 1822 proelio
1442 1740 1553 1804 ducam
1568 1739 1683 1820 fonnem
1705 1741 1924 1824 imperatorum
1946 1737 2104 1804 celebraret

353 1845 496 1926 exequiis
541 1844 603 1910 Hic
632 1829 688 1930 pro
719 1846 896 1932 deprauata
922 1847 1079 1912 librorum
1110 1845 1266 1910 memoria
1296 1842 1385 1931 (quio
1407 1845 1435 1912 B
1458 1849 1513 1929 661
1534 1845 1582 1932 N)
1611 1848 1687 1930 puin
1717 1868 1756 1912 ex
1784 1844 2009 1910 Freinsheimii
2034 1867 2105 1910 con·

354 1949 478 2036 iectura
501 1975 520 2015 a
542 1950 663 2018 Jahnio
686 1951 883 2039 Halmioque
906 1953 1064 2037 scriptum
1086 1956 1144 2017 est.

408 2075 415 2098 ·
511 2067 562 2136 Π,
585 2067 663 2136 2,1
686 2058 804 2146 (29,1)
832 2060 866 2124 16
890 2059 997 2125 uerbis
1012 2060 1147 2143 populus
1169 2058 1330 2124 Romanus
1357 2080 1425 2125 orem
1453 2062 1501 2127 66
1520 2061 1658 2142 fretam
1680 2080 1792 2142 usque
1813 2060 1944 2124 emisset
1970 2079 2106 2143 praepo·

353 2164 430 2230 sitio
453 2166 496 2230 ad
517 2187 589 2230 oum
609 2166 717 2231 codice
735 2165 767 2232 N
787 2165 967 2231 omittenda
985 2171 1045 2232 eet
1085 2165 1171 2232 Nam
1190 2187 1385 2251 quamquam
1404 2167 1539 2254 reliquis
1559 2169 1701 2254 quinque
1720 2166 1800 2232 locis
1820 2162 1864 2251 (Ι,
1886 2167 1935 2246 10,
1954 2165 1974 2231 8
1990 2162 2057 2251 (14,
2071 2163 2106 2251 4)

351 2273 394 2336 ad
415 2270 531 2354 inform
552 2293 659 2356 aspum
682 2273 825 2358 1,16,1
851 2270 920 2358 (20,
938 2269 996 2360 20)
1020 2293 1114 2356 usqne
1136 2275 1179 2339 ad
1203 2273 1369 2349 ambitum
1392 2272 1457 2359 ΙΙΙ,
1475 2275 1548 2359 4,1
1574 2271 1646 2362 (62,
1665 2270 1722 2359 26)
1746 2275 1781 2338 iu
1798 2273 1997 2338 Adriaticum
2019 2292 2105 2336 mare

351 2399 460 2462 usqua
488 2379 554 2465 ΙΙΙ,
576 2381 610 2464 4,
634 2381 654 2445 6
678 2377 749 2466 (63,
771 2375 826 2466 15)
849 2379 885 2444 iu
907 2379 1072 2446 Sarmatas
1093 2401 1202 2463 usqam
1230 2380 1294 2466 III,
1313 2381 1370 2466 22,
1388 2382 1409 2446 2
1433 2379 1505 2466 (91,
1528 2380 1580 2466 10)
1603 2401 1697 2464 namne
1719 2381 1754 2444 in
1778 2377 1944 2466 Oceanum)
1969 2399 2103 2464 praepo·

352 2485 485 2550 sitiones
505 2485 635 2551 additae
654 2491 744 2571 sunt,
761 2491 873 2552 tamen
889 2486 943 2550 hio
962 2509 1089 2573 quoque
1108 2486 1194 2552 idem
1212 2491 1311 2573 atque
1330 2479 1429 2573 supra
1446 2509 1576 2572 moneo,
1594 2487 1629 2552 in
1646 2485 1678 2552 N
1697 2486 1913 2552 difficiliorem
1931 2484 2104 2551 lectionem

352 2595 531 2677 seruatam,
549 2591 625 2657 inB
643 2592 825 2659 faciliorem
847 2593 882 2658 in
900 2593 969 2659 eius
986 2594 1093 2658 locum
1116 2593 1329 2659 substitutam
1348 2614 1427 2660 6666.
1471 2593 1631 2681 Exempla
1650 2594 1786 2660 collecta
1804 2598 1881 2658 sunt
1899 2592 1985 2678 apud
2002 2590 2103 2657 Drac-

351 2718 464 2784 gerum
488 2698 508 2764 l.
528 2721 553 2764 6.
572 2722 597 2766 s.
624 2701 644 2780 §
667 2700 733 2765 265
760 2705 793 2766 61
819 2699 962 2766 Nouium
991 2700 1100 2766 166.
1121 2699 1154 2766 Π
1177 2720 1253 2786 pag.
1276 2701 1350 2767 100.
1398 2699 1492 2766 Addo
1518 2703 1598 2787 orig.
1625 2706 1712 2788 gent
1737 2699 1828 2766 Rom.
1849 2701 1919 2786 1,1
1950 2719 2044 2782 risque
2070 2701 2105 2763 io

351 2810 480 2890 lempna
504 2807 537 2892 8,
556 2806 578 2870 4
599 2826 693 2889 usam
711 2807 848 2890 Appiam
867 2805 1050 2892 Claudium
1073 2808 1112 2872 66
1137 2806 1194 2872 uir.
1217 2807 1264 2873 ill.
1283 2808 1336 2894 67,
1354 2809 1375 2873 2
1397 2829 1491 2890 usque
1506 2814 1626 2876 sontum
1644 2807 1850 2882 emundatum
1873 2807 1965 2872 Eutr.
1984 2805 2040 2892 VI,
2061 2805 2102 2869 10

349 2933 443 2994 usqne
465 2911 669 2990 Danuuium·
692 2911 805 2978 11613
829 2911 918 2999 (pag.
936 2914 970 2999 6,
992 2915 1031 2979 19
1056 2912 1104 2979 66.
1121 2912 1257 3000 Fuerat)
1281 2913 1467 2980 Danuuium
1489 2935 1590 2998 nsque.

507 3028 558 3097 Π,
581 3030 615 3098 2,
638 3031 658 3084 2
681 3029 751 3097 (29,
770 3030 813 3094 tl:
841 3041 900 3105 pro
928 3022 972 3086 ad
997 3022 1197 3086 melicertem
1222 3041 1327 3086 arram
1349 3020 1381 3086 N
1404 3022 1535 3087 exhibet
1561 3023 1604 3087 66
1625 3024 1824 3087 coutinentem
1851 3041 1963 3086 snum.
2009 3018 2101 3097 Quod

347 3125 591 3192 restituendum,
635 3125 722 3192 Nam
751 3126 993 3192 substantiuum
1021 3129 1177 3194 continens
1206 3128 1367 3194 interdum
1398 3128 1568 3194 masculini
1598 3128 1726 3214 generis
1754 3149 1824 3193 esse
1855 3126 2100 3193 66661Ν66166

348 3232 369 3298 l.
388 3255 413 3298 6.
432 3255 457 3299 s.
479 3235 496 3300 Ι
519 3253 594 3318 pag.
613 3233 688 3300 688.

506 3348 556 3417 Π,
579 3352 614 3416 2,
637 3349 676 3405 19
699 3349 770 3416 (9ο,
789 3350 857 3413 29);
879 3341 1011 3422 adeoquo
1032 3342 1131 3406 omui
1153 3347 1254 3407 terra
1276 3343 1427 3407 otmari
1451 3341 1570 3407 Poenos
1585 3342 1783 3427 pnrpauit,
1810 3346 1845 3406 nl
1866 3343 1931 3406 ram
1953 3341 2101 3405 uictoriae

346 3447 425 3512 61111
447 3447 511 3512 nisi
533 3447 646 3528 Africa
674 3447 744 3530 ipso
765 3451 898 3514 restaret.
944 3446 998 3514 Sic
1019 3469 1105 3513 nunc
1132 3471 1170 3514 er
1198 3447 1262 3515 Β]
1291 3448 1406 3514 editur.
1451 3446 1514 3514 Sed
1543 3471 1602 3534 pro
1632 3449 1731 3515 omni
1759 3447 1889 3513 exhibet
1914 3446 2101 3533 Nemnis,

348 3553 435 3638 quod
456 3554 511 3618 uel
533 3553 605 3617 ideo
629 3551 888 3640 praeferendum,
912 3555 997 3640 quod
1020 3556 1181 3639 quomodo
1205 3555 1326 3621 factum
1349 3555 1406 3641 sit,
1429 3558 1467 3620 ut
1489 3557 1574 3620 omni
1596 3559 1672 3621 ante
1695 3560 1778 3622 terra
1800 3560 1828 3620 et
1848 3557 1933 3620 mori
1950 3555 1984 3619 in
2001 3556 2102 3621 omnis

347 3663 621 3746 corrumperetur,
647 3680 713 3724 non
735 3659 946 3747 intellegitur.
991 3659 1041 3726 De
1068 3661 1174 3727 forma
1201 3664 1300 3728 omnis
1323 3661 1376 3748 egi
1399 3663 1507 3727 166.
1530 3663 1696 3748 666204
1744 3660 1865 3728 Contra
1892 3662 2100 3728 uehementer

347 3767 474 3853 dubito,
495 3789 574 3832 num
597 3788 635 3831 ex
663 3765 695 3832 N
719 3766 897 3851 asyndeton
928 3773 1030 3834 terra
1059 3771 1155 3834 mari
1185 3769 1327 3854 recipere
1357 3769 1461 3834 liceat.
1509 3767 1538 3833 E
1568 3768 1665 3834 Floro
1696 3791 1747 3834 rea
1779 3767 1948 3834 diiudicari
1976 3768 2100 3853 nequit,

345 3896 421 3938 nam
444 3873 544 3959 II,8,
564 3876 603 3939 11
625 3871 774 3960 (44,16)
799 3879 849 3940 661
871 3876 955 3940 mari
976 3895 1014 3940 66
1036 3881 1132 3961 terra,
1161 3875 1279 3961 ΙΙΙ,5,
1300 3876 1342 3941 14
1364 3871 1513 3963 (65,11)
1536 3877 1619 3940 mori
1642 3881 1725 3942 torua
1746 3876 1991 3958 (luminibusque.
2036 3873 2099 3939 Pro

339 3981 522 4062 parpanit
551 3979 586 4044 in
608 3978 640 4045 N
662 3979 818 4045 traditum
849 3986 900 4046 661
921 3984 1157 4068 repupnauit,
1185 4005 1202 4048 6
1226 4004 1289 4069 quo
1318 3981 1498 4048 Salmasius
1526 3981 1697 4048 admodum
1725 3982 1888 4068 probabili
1915 3981 2100 4047 coniectura

346 4085 452 4151 effecit
473 4088 701 4170 reparpauit.
1719 4100 1726 4112 '

503 4201 552 4270 Π,
571 4204 606 4271 2,
625 4205 666 4258 22
690 4203 756 4272 (91,
774 4203 839 4269 1416
862 4216 902 4261 ex
921 4193 985 4260 BJ
1004 4195 1157 4261 scribitur
1179 4196 1228 4262 loia
1247 4196 1443 4278 paululum
1460 4198 1646 4262 circumacto
1661 4195 1790 4277 fortuna
1808 4201 1858 4262 est.
1896 4193 2017 4260 Contra
2036 4193 2098 4260 eN

337 4299 494 4383 paulam
520 4299 738 4384 recipiendum
762 4301 904 4387 uidetur,
928 4302 1082 4387 quoniam
1109 4302 1144 4367 id
1173 4306 1312 4387 uterque
1340 4303 1440 4367 codex
1465 4302 1597 4369 exhibet
1622 4301 1680 4390 IV,
1700 4304 1734 4388 2,
1754 4304 1793 4368 'll
1819 4299 2099 4388 (102,10)pau·

345 4406 418 4471 lam
440 4407 532 4488 661611
554 4407 644 4473 dedit.
688 4407 893 4494 Quamquam
915 4409 976 4475 hac
998 4408 1038 4474 de
1060 4431 1094 4473 re
1114 4409 1256 4475 dubitari
1276 4431 1372 4494 posse
1395 4409 1544 4476 concedo.
1589 4407 1741 4476 Ceterum
1761 4409 1800 4474 de
1819 4408 1919 4473 simili
1941 4409 2097 4474 librorum

343 4513 538 4595 optimorum
562 4513 647 4599 apud
671 4513 863 4581 Sallustium
893 4514 1112 4601 discrepantia
1141 4515 1211 4602 agit
1240 4517 1274 4580 in
1303 4516 1417 4602 primis
1441 4515 1599 4603 Vogelius
1629 4520 1775 4582 actorum
1806 4515 1970 4581 seminarii
1991 4514 2097 4601 philo·

344 4619 442 4707 logici
464 4619 678 4706 Erlangensis
702 4621 800 4687 6611
822 4641 898 4707 pag.
917 4621 992 4688 314.

502 4736 552 4804 11,
571 4739 606 4805 2,
624 4738 669 4792 9ο
687 4737 828 4806 (92,1ο)
851 4727 914 4794 BJ
933 4727 1013 4794 haec
1031 4729 1167 4795 habent:
1189 4729 1316 4796 classem
1334 4731 1410 4794 iam
1432 4731 1468 4794 in
1485 4729 1584 4810 africo
1606 4731 1690 4794 mori
1712 4733 1789 4813 opat
1809 4731 2001 4812 aopimnrum
2023 4729 2097 4812 (epi-

342 4853 467 4898 umrum
485 4833 507 4900 J
504 4835 524 4919 )
546 4834 704 4900 bostium
721 4835 758 4898 in
777 4835 900 4900 italiam
918 4836 998 4900 ultro
1016 4837 1215 4918 naurpantem
1233 4838 1339 4902 cecidit
1357 4834 1495 4923 (scilicet
1514 4835 1654 4921 populus
1672 4834 1859 4922 Romanus).
1905 4835 1994 4913 Quae
2017 4859 2097 4903 sana

343 4960 409 5004 uon
438 4961 509 5006 esse
535 4941 743 5007 manifestum
773 4945 831 5008 661
876 4941 992 5027 ltaque
1013 4942 1036 5008 J
1039 4941 1154 5008 ahnius
1178 4941 1361 5028 flauptium
1383 4945 1514 5010 secutus
1537 4941 1617 5008 haec
1644 4942 1757 5008 edidit:
1785 4943 1911 5010 6166666
1938 4941 2097 5008 hostiam

342 5048 377 5111 in
400 5048 509 5130 Asrrbo
531 5050 614 5112 mari
636 5053 712 5134 apat
733 5049 936 5132 Aapimurum
959 5049 1123 5115 insulam
1145 5051 1180 5114 in
1198 5049 1329 5116 Italiam
1351 5051 1432 5116 ultro
1454 5051 1653 5133 uanipantem
1675 5051 1791 5130 mun,
1814 5047 1965 5114 Halmius
1987 5053 2095 5115 autem
