4614 5718
1126 312 1148 378 5

417 515 451 583 1,
469 516 523 584 18,
541 517 562 571 8
580 517 650 583 (88,
668 516 740 580 aot:
771 507 983 574 calamitatum
1005 508 1027 574 J
1034 507 1066 574 N
1089 509 1316 575 calamitatium
1339 510 1376 576 B.
1412 510 1627 576 calamitatum
1650 513 1823 579 restituero
1848 533 1885 578 9ο
1908 512 2015 578 minus

259 612 385 691 dubito,
413 614 499 698 quod
520 614 612 680 nullo
635 611 669 679 ni
696 614 794 679 fallor
822 615 894 679 loco
918 637 938 678 a
960 613 1057 681 Floro
1081 616 1251 702 genetinus
1275 617 1574 704 substantiuorum‚'
1595 641 1677 704 quae
1699 618 1734 684 19
1757 625 1805 685 tas
1828 623 1960 705 exeunt,
1982 619 2017 684 in

258 719 325 784 ium
346 719 519 787 formatur.
556 721 656 787 Velut
676 729 728 797 Π,
750 732 804 797 18,
826 732 864 785 12
887 730 956 797 (55,
979 732 1029 796 14)
1052 723 1087 788 19
1111 723 1259 788 omnibus
1284 724 1447 790 codicibus
1471 730 1522 789 est
1543 728 1763 791 necessitatum.

418 836 451 904 1,
470 839 653 905 20,1(26‚
672 838 718 900 8)ε
747 829 860 910 inclyta
879 827 901 894 J
910 826 943 892 N
965 829 1069 896 inclita
1089 830 1125 894 B.
1163 829 1269 896 Simili
1292 832 1387 897 modo
1414 833 1570 896 memoria
1596 833 1873 918 0991991Ι,2,1
1901 829 1949 919 (8,
1967 831 2017 920 4);

258 933 399 998 inclitam
422 933 483 1000 BJ
506 935 653 1018 inclytam
675 931 739 998 *N.

419 1051 451 1116 1,
470 1053 531 1126 89,
548 1052 565 1105 1
583 1051 652 1118 (88,
671 1050 718 1115 8))
740 1047 769 1105 91
791 1043 825 1106 in
847 1041 902 1106 liae
924 1043 1086 1107 namnum
1108 1044 1129 1109 J
1140 1042 1171 1108 N
1194 1043 1352 1128 1919199,
1374 1047 1409 1108 in
1431 1045 1486 1109 199
1508 1047 1673 1110 certamine
1696 1046 1722 1111 B
1747 1045 1908 1111 Halmius.
2046 1125 2050 1136 ⁵

419 1155 470 1224 11,
488 1159 525 1224 8,
543 1159 583 1212 27
600 1157 671 1224 (38,
690 1156 736 1222 bt:
759 1149 971 1213 rmiuiccentie
993 1150 1015 1215 J
1025 1147 1056 1213 N
1079 1150 1233 1236 Jahnius,
1256 1153 1470 1217 reuiuescentis
1491 1150 1519 1215 B
1539 1149 1700 1216 Halmius.
1737 1151 1808 1217 Hac
1831 1174 1959 1238 quoqne
1978 1153 2018 1218 da

260 1276 295 1318 ra
319 1252 465 1320 dubitare
488 1255 572 1320 licet.
618 1253 705 1320 Nam
728 1253 792 1340 ΙΠ,
815 1253 849 1334 5,
876 1255 917 1319 14
940 1243 1010 1341 (65,
1034 1254 1068 1343 9)
1093 1260 1238 1342 uterque
1252 1258 1352 1323 codex
1375 1257 1507 1324 exhibet
1529 1259 1729 1324 reuiueccunt.

1003 1490 1195 1577 CAPUT
1228 1492 1279 1577 Π.

422 1646 561 1712 Jahnins
581 1646 796 1734 Halmiusque
820 1646 984 1712 nonnullis
1007 1647 1088 1712 loeis
1110 1648 1267 1714 lectiones
1291 1650 1325 1714 in
1348 1655 1474 1715 textum
1498 1654 1699 1736 receperunt,
1723 1673 1805 1735 quae
1825 1652 2019 1716 auctoritate

259 1752 357 1817 unius
379 1763 403 1818 1)
426 1753 587 1840 nituntur,
611 1777 675 1840 qna
698 1755 809 1820 littera
826 1752 979 1837 Jahnius,
1003 1757 1040 1818 91
1062 1754 1165 1840 ipsius
1189 1757 1297 1821 uerbis
1320 1759 1410 1842 utar,
1434 1756 1468 1821 in
1491 1756 1598 1822 codice
1620 1755 1856 1843 Bambergensi
1878 1756 1917 1822 ‘si
1941 1756 2018 1841 quid

261 1864 405 1924 erratum
431 1865 482 1925 991
509 1864 542 1925 91
570 1860 611 1926 91)
639 1861 711 1947 ipso
738 1861 872 1926 librario
896 1861 1009 1925 statim
1033 1865 1226 1948 correctum,
1252 1864 1382 1929 notauit
1405 1863 1490 1949 quod
1515 1863 1605 1949 prius
1629 1863 1788 1947 scriptum
1812 1863 1880 1928 est'.
1926 1861 2019 1939 Quod

261 1965 330 2031 iure
357 1967 479 2032 factum
502 1989 572 2033 esse
600 1989 693 2054 nego.
738 1967 824 2033 Nam
855 1968 953 2052 longe
980 1968 1130 2052 plurimis
1155 1969 1235 2035 locis
1259 2005 1301 2016 -
1325 1971 1444 2056 collegi
1468 1975 1578 2036 autem
1601 1970 1675 2055 plus
1699 1991 1797 2055 quam
1821 1973 1951 2034 centum
1976 2003 2016 2015 -

262 2094 313 2158 99,
336 2095 418 2158 9999
440 2074 576 2158 praebet
597 2084 634 2160 1),
657 2075 866 2161 neglegentia
888 2074 1015 2139 librarii
1039 2079 1111 2140 orta
1134 2082 1220 2142 sunt.
1257 2075 1400 2143 Videsis:

633 2181 664 2268 Ι,
688 2184 721 2268 1,
744 2184 764 2248 2
789 2179 838 2268 (6,
865 2181 920 2264 10)
943 2179 1098 2261 causacum
1119 2192 1143 2247 1)
1165 2182 1303 2264 consessa
1326 2183 1386 2249 BJ
1395 2183 1427 2249 N

634 2288 664 2375 Ι,
687 2289 722 2374 3,
747 2291 764 2354 'l
790 2287 842 2376 (9,
865 2285 901 2375 3)
924 2289 1073 2353 callidum
1093 2299 1117 2354 1)
1139 2289 1272 2355 callidus
1295 2291 1353 2357 Β]
1364 2290 1396 2356 N

634 2395 664 2481 1,
689 2396 745 2482 10,
768 2397 788 2459 6
813 2395 884 2481 (13,
907 2392 964 2481 21)
987 2397 1066 2460 saal
1087 2405 1111 2459 b
1133 2397 1213 2462 scias
1236 2395 1295 2463 BJ
1306 2395 1338 2462 N

573 2509 577 2519 “
633 2502 661 2586 Ι,
686 2503 743 2588 22,
767 2503 787 2568 3
812 2497 883 2589 (26,
906 2500 964 2590 21)
988 2503 1099 2568 colores
1121 2512 1145 2566 1)
1167 2503 1261 2569 colere
1282 2503 1352 2570 BN

634 2610 682 2695 ΙΙ,
705 2611 740 2694 6,
763 2610 806 2675 23
830 2605 899 2696 (37,
922 2605 980 2696 22)
1004 2611 1129 2674 mauu
1150 2620 1174 2675 1)
1197 2617 1287 2676 mant
1309 2611 1369 2679 BJ
1378 2611 1411 2677 N

634 2715 681 2802 ΙΙ,
707 2717 761 2798 15,
787 2717 827 2780 12
851 2713 922 2802 (50,
947 2713 1004 2802 16)
1025 2716 1107 2797 sacto
1129 2727 1153 2781 1)
1173 2717 1240 2797 fata
1263 2718 1334 2784 BN

634 2822 699 2908 111,
724 2825 756 2907 1,
783 2823 822 2887 16
847 2820 919 2909 (59,
942 2820 978 2909 6)
1001 2823 1135 2904 diffusus
1156 2834 1180 2889 1)
1202 2824 1327 2908 diffisum
1349 2825 1420 2891 BN

633 2927 701 3015 ΠΙ,
725 2931 759 3014 3,
783 2931 803 2994 2
827 2927 899 3016 (60,
924 2927 979 3017 11)
997 2936 1135 3014 potentes
1156 2942 1180 2997 1)
1196 2937 1331 3016 pelastes
1353 2932 1423 2997 BN

635 3036 699 3123 ΙΙΙ,
724 3037 779 3122 16,
802 3037 822 3102 6
847 3034 919 3125 (81,
942 3033 1001 3124 20)
1024 3039 1144 3104 abrutis
1165 3049 1189 3104 1)
1211 3039 1351 3122 abruptis
1373 3037 1444 3105 BN

635 3143 692 3229 IV,
716 3145 751 3230 2,
774 3136 936 3231 58’(100,
959 3142 1016 3231 21)
1040 3147 1144 3229 eaipui
1165 3156 1189 3210 1)
1211 3147 1325 3230 euipua
1347 3145 1432 3232 BN¹

634 3250 692 3332 lv,
715 3252 749 3336 2,
773 3250 816 3317 85
840 3248 934 3338 (103,
956 3252 1014 3337 26)
1038 3254 1188 3318 eaedmtis
1209 3263 1233 3318 1)
1256 3255 1415 3320 9999199119
1438 3251 1540 3340 ΒΝΙ)

635 3358 692 3444 IV,
716 3358 750 3443 8,
772 3359 794 3422 2
817 3355 911 3444 (110,
934 3355 969 3444 4)
993 3361 1173 3425 menecratis
1193 3361 1317 3441 foedera
1338 3370 1362 3425 1)
1385 3365 1567 3426 menecrates
1587 3361 1680 3442 foeda
1701 3358 1781 3425 BN.

423 3462 512 3541 Quae
536 3487 607 3531 oum
630 3467 679 3530 ita
702 3464 783 3552 sint,
801 3487 867 3530 non
885 3470 936 3531 est
954 3464 1101 3552 dubium,
1124 3468 1202 3553 quin
1221 3488 1277 3532 eae
1296 3467 1465 3553 lectiones,
1489 3490 1571 3552 quae
1595 3476 1654 3532 91)
1677 3466 1747 3531 9919
1767 3467 1915 3548 receptae
1935 3468 2021 3548 9991,

264 3570 344 3635 99119
367 3570 497 3636 infirmo
520 3570 732 3637 fundamento
755 3570 947 3660 9111991998).
992 3570 1075 3638 Sunt
1097 3577 1207 3639 antem
1230 3574 1306 3639 hae:

422 3687 491 3756 111,
509 3689 540 3756 1,
559 3690 580 3743 9
598 3688 669 3757 (58,
687 3690 752 3754 18);
774 3685 939 3764 poteretur
961 3690 985 3744 1)
1005 3683 1168 3764 potiretur
1190 3678 1269 3746 BN.
1310 3680 1450 3747 Jahnins
1474 3679 1690 3764 Halmiusquo
1713 3679 1855 3764 priorem
1881 3678 2021 3743 formam

264 3786 470 3871 scripserunt
514 3786 652 3871 Legitur
675 3793 783 3853 autern
807 3792 975 3873 praeterea
997 3811 1063 3853 uno
1087 3792 1216 3853 tantum
1238 3789 1310 3854 loco
1332 3787 1363 3874 Ι,
1389 3790 1421 3874 1,
1447 3788 1486 3854 18
1511 3789 1559 3872 (8,
1583 3785 1632 3873 2),
1655 3786 1711 3851 951
1733 3789 1965 3868 patereturest
1987 3785 2022 3849 19

262 3892 341 3979 1)Ν,
362 3894 525 3976 potiretur
547 3895 582 3958 in
603 3893 664 3960 BJ
687 3892 757 3981 (cfr'.
780 3893 866 3959 infra
888 3915 962 3980 pag.
982 3892 1026 3981 8).
1068 3893 1167 3959 Vides
1196 3896 1296 3981 igitur
1318 3895 1365 3959 ibi
1388 3917 1457 3960 rem
1481 3893 1579 3959 aliam
1603 3915 1683 3960 esse.
1729 3893 1888 3970 Quoniam
1913 3897 2021 3957 autem

263 3999 382 4065 Florus
410 4000 445 4064 in
472 4001 567 4065 rebus
594 4000 854 4086 orthographicis
877 4001 941 4067 sibi
963 4024 1168 4087 nequaqnam
1193 4004 1322 4068 constat
1349 3997 1420 4089 (cfr.
1443 4023 1525 4086 quae
1549 4001 1685 4085 exposui
1708 3999 1728 4064 l.
1748 4021 1773 4065 9.
1792 4021 1817 4065 9.
1840 4020 1914 4084 pag.
1933 3996 2023 4085 206),

263 4129 458 4193 999999999
481 4107 553 4173 1999
577 4108 776 4192 optimorum
799 4109 958 4174 librorum
982 4109 1172 4175 memoriam
1195 4108 1397 4194 probandam
1416 4129 1487 4175 9999
1507 4129 1630 4173 999999.
1666 4107 1782 4193 119999
1798 4107 1961 4190 potiretur
1983 4129 2022 4171 ex

264 4213 334 4280 BN
356 4213 593 4281 restituendum
618 4219 677 4281 991.

423 4331 492 4400 1Π,
519 4333 567 4400 17,
594 4331 708 4401 2182,
734 4334 777 4399 1):
807 4321 925 4390 liuius
953 4323 1080 4390 Dmisus
1103 4372 1200 4389 .....
1223 4327 1343 4388 tantum
1371 4321 1522 4402 confloruit
1549 4321 1739 4408 incendium,
1767 4327 1869 4386 utne
1895 4322 2023 4404 prima

265 4429 351 4495 illias
376 4431 508 4511 flamnm
527 4435 631 4514 pascet
656 4432 842 4496 sustineri
868 4436 898 4496 91
922 4431 1023 4496 mbita
1050 4435 1145 4496 morte
1171 4434 1326 4513 correptus
1351 4427 1572 4494 lureditarium
1598 4430 1634 4493 in
1654 4433 1793 4512 posteras
1818 4449 1890 4495 euos
1911 4428 2022 4493 bellum

427 4659 454 4728 ’1)
473 4658 551 4724 Quae
568 4657 688 4714 Jahnius
706 4658 744 4712 ad
762 4657 809 4727 IV,
829 4666 859 4727 8,
879 4664 912 4715 88
932 4661 1009 4729 (104,
1023 4660 1052 4729 4)
1077 4657 1278 4714 commemorat
1296 4656 1656 4732 (19919991),9919919911),
1676 4657 1716 4712 ais
1735 4655 1925 4726 corriguntur,
1949 4672 2023 4726 qnae

266 4747 395 4804 Halmius
414 4747 598 4819 praefationis
616 4765 680 4819 pag.
696 4746 775 4801 XVII
795 4747 919 4818 exponit.

426 4853 749 4927 s)nn0tantum†11000
772 4853 806 4908 in
828 4856 850 4907 1)
869 4871 924 4909 999
944 4871 1042 4910 samm
1060 4857 1202 4910 seruatum
1221 4855 1276 4911 est:
1299 4857 1356 4925 Π,
1376 4858 1412 4928 8,
1432 4855 1452 4909 5
1472 4857 1632 4927 (110,16),
1656 4851 1706 4907 ubi
1728 4850 1759 4905 in
1781 4851 1886 4908 uerbis:
1912 4853 2022 4924 Pompe-

173 4980 186 5008 .
265 4948 395 5002 murum
418 4947 563 5012 bonorum,
586 4963 702 5015 9999991
719 4951 826 5000 aectar
843 4945 890 5000 ute
910 4945 1138 5014 raumaricae
1160 4945 1331 5000 1999991911
1351 4943 1471 5014 praebet
1491 4951 1588 5012 sector,
1611 4943 1634 4996 Β
1652 4947 1774 4997 metator.
1812 4941 1868 4998 sed
1890 4939 2024 5011 quoniam

266 5034 320 5091 hoo
338 5035 401 5090 loco
420 5036 451 5090 91
468 5031 573 5088 auxilio
592 5033 700 5090 codicis
714 5033 741 5088 N
759 5032 891 5089 destituti
908 5050 1016 5101 sumus,
1036 5032 1085 5102 qui
1103 5033 1205 5090 lacuna
1218 5033 1309 5090 xxiv
1323 5050 1454 5089 9999999)
1469 5033 1640 5104 deprauatus
1658 5031 1713 5100 ast,
1733 5046 1785 5086 nec
1797 5029 1935 5087 iordanes
1947 5030 2024 5087 mori

266 5124 355 5179 uerba
372 5122 534 5195 aucupati,
553 5139 586 5178 99
605 5122 769 5180 testimonio
792 5121 834 5179 911
853 5121 1002 5178 nonlicet.
