4614 5718
963 255 1173 354 ‚di-

179 452 395 536 coniungere.
440 447 521 514 Tam
545 450 646 514 mirae
668 449 917 515 constructionis
941 451 1124 534 exemplum
1150 471 1217 514 non
1243 449 1339 512 modo
1368 447 1453 532 apud
1475 445 1622 530 Florum,
1650 446 1704 530 qui
1731 445 1815 510 nihil
1843 445 1941 510 habat

180 557 252 622 nisi
278 579 362 642 quae
381 556 466 642 apud
487 578 598 621 omnes
617 557 707 621 illius
725 557 843 621 aetatis
863 556 1036 640 scriptores
1058 556 1222 642 leguntur,
1245 555 1346 619 subita
1363 553 1446 636 hetti,
1469 557 1603 618 extrema
1620 553 1795 636 dedidonrs,
1818 553 1941 618 diunsa

184 669 359 748 terranem,
382 662 438 728 sed
466 685 505 726 ne
534 661 618 748 apud
641 661 788 728 Tacitum
817 662 960 748 quidem,
989 685 1084 748 quem
1113 661 1269 726 similium
1296 659 1557 725 amantissimum
1584 679 1655 723 esse
1681 659 1941 744 nemoignorat,

185 775 290 836 extat.
336 768 402 837 Cir.
420 769 575 834 Zernialis
604 769 722 834 selecta
750 769 908 853 quaedam
935 771 1043 854 capita
1070 791 1109 834 ar
1133 767 1278 852 genetiui
1302 789 1361 832 usu
1384 766 1515 832 Tacitae
1538 787 1612 851 pag.
1631 765 1674 830 35
1684 787 1752 851 sqq.
1798 765 1941 850 Accedit,

185 879 275 962 quod
299 879 334 942 in
356 877 465 942 codice
487 873 542 940 *N
565 899 662 942 mauu
681 875 710 941 si
732 897 798 940 non
820 876 926 960 prima
944 881 978 940 at
996 879 1081 942 certe
1099 879 1208 941 uetere
1230 875 1439 938 inminente
1461 869 1550 958 (siet)
1575 871 1802 957 superscriptis
1821 871 1939 936 litteris

186 986 221 1049 is
245 986 280 1049 in
301 985 521 1049 inminentis
548 987 725 1048 correctum
750 986 808 1047 est
843 981 967 1067 ¹ltaque
995 1003 1105 1047 eorum
1128 981 1287 1046 rationem
1310 981 1426 1065 probo,
1456 981 1512 1064 qui
1541 985 1714 1063 utrumque
1744 977 1940 1043 adiectiuum

189 1091 386 1170 (inminentis
404 1091 457 1154 uel
476 1091 661 1154 inminentia
679 1094 713 1154 et
730 1089 912 1172 destinatre)
935 1087 1013 1154 ferri
1031 1109 1126 1174 posse
1148 1091 1305 1172 negantes
1329 1086 1466 1152 alterum
1490 1085 1531 1150 ad
1554 1086 1693 1150 alterum
1716 1083 1940 1169 explicandum

193 1197 390 1283 adscriptum
413 1218 484 1262 esse
507 1196 712 1262 contendant.
756 1193 874 1261 Utrum
901 1194 1072 1260 delendum
1100 1194 1156 1280 sit,
1184 1193 1410 1258 difficillimum
1437 1197 1488 1258 est
1515 1191 1610 1256 dictu.
1655 1191 1807 1256 Halmius
1830 1186 1939 1277 (quem

196 1303 271 1368 uide
293 1304 497 1389 praefationis
520 1324 596 1388 pag.
613 1298 741 1387 XVIII)
768 1302 936 1366 destinatae
959 1301 1105 1386 damnat,
1133 1300 1218 1386 quod
1241 1299 1380 1384 scriptor
1400 1301 1434 1364 in
1456 1299 1517 1363 tali
1539 1321 1574 1364 re
1595 1297 1768 1383 participio
1786 1298 1941 1362 inminens

198 1411 245 1474 uti
267 1410 376 1474 soleat
421 1409 543 1476 Contra
565 1409 683 1474 dixerit
706 1408 882 1493 quispiam,
909 1407 1141 1473 uerisimilius
1165 1407 1299 1472 essead
1326 1406 1482 1471 rariorem
1509 1426 1621 1471 uocem
1648 1405 1815 1470 desitum
1842 1404 1942 1489 expli·

198 1517 325 1580 cendam
357 1517 562 1582 usitatiorem
593 1516 772 1580 inminentis
802 1513 1000 1598 adscriptam
1030 1534 1109 1579 esse.
1162 1511 1252 1578 Haeo
1287 1518 1338 1579 ert
1367 1511 1528 1578 sententia
1558 1510 1726 1578 Perizonii
1776 1508 1837 1575 Sed
1867 1513 1942 1574 utut

194 1623 251 1686 hac
269 1625 308 1687 ds
326 1644 361 1688 re
380 1623 574 1707 iudicamus,
597 1627 682 1688 certe
702 1621 831 1706 aliquod
851 1620 1093 1686 substantiuum
1116 1619 1329 1708 desideratur,
1352 1642 1370 1684 a
1394 1640 1457 1704 quo
1481 1617 1653 1704 genetiuus
1676 1617 1773 1682 cladis
1794 1615 1941 1701 pendeat.

191 1729 227 1794 Id
257 1735 368 1794 autem
399 1732 551 1815 quoniam
581 1729 680 1794 codex
707 1726 740 1793 N
768 1727 838 1812 ipse
869 1726 1000 1792 exhibet
1028 1727 1179 1809 (sipna),
1209 1748 1274 1791 non
1301 1729 1352 1792 est
1381 1747 1438 1790 cur
1467 1745 1538 1789 aum
1569 1723 1701 1789 Halmio
1731 1725 1837 1788 anina
1867 1729 1941 1788 ante

189 1837 370 1900 inminentis
393 1835 558 1900 addamus.
603 1835 717 1920 Itaque
740 1835 847 1900 locum
870 1834 918 1899 sic
940 1834 1116 1899 constituo:
1143 1835 1197 1898 sed
1217 1854 1270 1898 nec
1292 1837 1358 1896 turn
1384 1833 1595 1897 destinatae
1617 1827 1684 1916 (uel
1706 1828 1939 1915 inminentis)

190 1943 308 2008 cladis
331 1944 440 2025 sipua
463 1943 625 2006 trtuuunt.
670 2019 673 2028 ,

349 2058 409 2126 IV,
426 2060 456 2124 1,
473 2057 513 2113 13
535 2057 708 2124 (10111111
731 2069 800 2113 curn
821 2048 990 2132 spnntatar
1006 2048 1179 2130 quoquein
1201 2046 1236 2110 id
1256 2047 1370 2112 nans
1392 2046 1512 2111 tardius
1533 2047 1726 2110 nuntiaret
1748 2067 1765 2110 e
1784 2025 1892 2109 codice
1911 2044 1939 2109 B

190 2155 337 2220 scribunt
359 2154 498 2220 Iahnius
521 2153 745 2240 Halmiusque.
790 2153 883 2230 Quod
911 2175 1106 2239 quamquam
1133 2175 1191 2239 per
1218 2175 1253 2218 se
1280 2156 1461 2238 spectatum
1488 2151 1675 2217 nonhabet
1702 2173 1766 2236 quo
1790 2150 1940 2235 offendat,

189 2269 314 2347 tamen,
342 2261 495 2347 quoniam
522 2260 556 2327 in
583 2260 613 2325 N
645 2267 694 2327 est
722 2263 946 2344 enuntiaret,
975 2260 1073 2326 lectio
1099 2265 1247 2325 ueterum
1274 2259 1453 2324 editionum
1478 2259 1714 2322 renuntiaret
1739 2256 1939 2322 restituenda

189 2369 328 2434 uidetur.
374 2367 599 2452 Conpositum
624 2369 801 2432 renuntiare
823 2368 864 2432 sd
886 2367 987 2432 uerba
1008 2369 1044 2432 in
1065 2368 1100 2431 id
1120 2368 1234 2432 missen
1256 2366 1396 2430 maxima
1419 2364 1565 2449 quadrat.

349 2484 409 2551 IV,
427 2482 481 2550 12,
498 2485 544 2538 44
566 2483 657 2550 (120,
678 2483 730 2548 16)
761 2473 802 2540 de
833 2477 936 2538 morte
963 2471 1022 2538 Gai
1052 2467 1201 2538 Caesaris
1228 2473 1308 2538 haec
1334 2475 1518 2537 narrantur:
1548 2469 1669 2536 Dones
1696 2469 1742 2556 (N
1765 2469 1939 2557 Donnes),

187 2603 292 2663 quem
314 2603 377 2646 rea
399 2581 603 2663 Artaperac
630 2601 672 2645 cn
700 2579 853 2645 Parthis
874 2579 1118 2665 praefecerat,
1145 2580 1293 2646 sinuata
1308 2579 1484 2660 proditione
1509 2579 1635 2642 14111111
1661 2578 1767 2642 uirum
1789 2580 1940 2642 intentum

190 2687 301 2772 ldetto,
333 2699 421 2770 quern
446 2692 482 2751 ut
504 2686 738 2753 ttaensaurorum
763 2691 898 2751 rationes
924 2688 1123 2751 continentem
1150 2688 1213 2768 ipse
1236 2691 1429 2770 ponerent,
1455 2686 1559 2750 11νὶ110
1585 2689 1702 2766 repente
1728 2684 1811 2764 ferro
1838 2685 1939 2750 subiit.

191 2777 282 2858 Haec
313 2794 452 2858 Jahnius
482 2815 500 2859 e
529 2795 667 2860 lectione
699 2792 868 2859 codicisB
899 2814 999 2876 quem
1030 2815 1093 2858 rea
1124 2777 1335 2857 artarerses
1366 2790 1434 2878 (uel
1464 2791 1575 2877 potius
1604 2796 1833 2876 artaxersen,
1865 2791 1939 2856 uide

191 2899 316 2964 Halmii
344 2899 579 2985 praefationem
609 2921 685 2986 pag.
705 2897 834 2986 XVIII)
861 2899 1014 2982 parthis
1037 2899 1272 2982 praefecerat
1299 2896 1345 2982 (N
1372 2899 1493 2965 omissa
1520 2919 1600 2963 uoce
1625 2897 1777 2981 parthis
1807 2897 1940 2963 exhibet

133 2995 145 3020 ‘
190 3027 293 3088 quern
318 3028 382 3072 rea
410 3009 602 3071 artaxatis
628 3006 871 3088 praefecerat)
900 3006 1019 3089 effecit,
1050 3007 1110 3091 eis,
1135 3006 1174 3071 ui
1202 3005 1311 3089 fallor,
1341 3008 1535 3089 commotus,
1563 3026 1645 3089 quae
1672 3002 1771 3068 tradit
1794 3002 1878 3069 Vell.
1897 3005 1940 3090 lI,

193 3113 270 3197 102,
293 3113 314 3176 3
337 3134 408 3177 moa
429 3115 464 3176 in
486 3114 655 3196 conloquio,
677 3115 726 3178 uei
748 3133 779 3178 se
802 3118 908 3177 unere
933 3115 1111 3198 araneae
1137 3114 1218 3178 circa
1241 3114 1427 3196 Artaperarn
1445 3112 1584 3194 maniter
1605 3131 1626 3174 a
1647 3111 1792 3195 pandora
1817 3111 1941 3176 nornine

191 3219 317 3304 Adduo,
339 3221 529 3286 nulnnatus.
574 3220 644 3297 Quo
668 3219 740 3285 loco
764 3242 837 3284 eum
865 3219 985 3284 iniuria
1008 3241 1101 3284 usum
1130 3241 1199 3284 esse
1222 3219 1275 3282 uel
1298 3218 1372 3282 iude
1397 3223 1546 3303 apparet,
1573 3216 1659 3301 quod
1681 3216 1855 3281 Armenius
1883 3218 1939 3283 ille

191 3347 211 3389 a
235 3325 361 3390 Velleio
389 3327 535 3411 Adduns,
565 3324 707 3391 aFloro
732 3325 837 3391 Dones
866 3333 1010 3391 uocetur.
1063 3326 1177 3410 Itaque
1206 3325 1275 3390 iure
1304 3322 1497 3414 contendere
1526 3323 1608 3387 milri
1637 3323 1749 3388 uideor
1777 3323 1871 3388 illum
1900 3347 1940 3390 ex

192 3432 256 3496 alio
285 3437 382 3516 atque
404 3431 538 3498 Florum
565 3436 696 3497 auctore
724 3455 783 3496 sua
809 3432 973 3517 petiuisse.
1018 3430 1140 3497 Contra
1162 3453 1314 3518 magnum
1339 3429 1379 3494 ad
1402 3429 1521 3494 certius
1545 3430 1584 3494 de
1606 3430 1669 3494 hoc
1691 3431 1762 3495 loco
1785 3429 1938 3495 iudicium

190 3539 358 3604 ferendum
386 3538 493 3604 adfert
520 3538 742 3603 adiumentum
766 3537 882 3620 Rufus,
914 3560 1010 3623 quem
1042 3561 1124 3624 quaa
1157 3561 1224 3622 cap.
1246 3539 1285 3602 19
1319 3535 1358 3600 de
1386 3537 1482 3600 rebus
1510 3557 1530 3599 a
1558 3535 1639 3601 Gaio
1669 3534 1807 3601 Caesare
1836 3537 1938 3622 gestis

190 3649 314 3730 narrat,
345 3667 383 3709 ex
410 3642 508 3710 Floro
538 3647 610 3730 ipso
641 3645 849 3730 descripsisse
877 3666 935 3728 pro
965 3647 1051 3709 certo
1081 3645 1250 3710 adfirmare
1277 3665 1342 3708 non
1369 3639 1535 3728 dubito.²⁴)
1579 3640 1702 3708 Narrat
1729 3648 1836 3708 autem
1860 3643 1940 3708 haec

192 3748 280 3838 (pag.
302 3753 353 3837 17,
383 3750 451 3836 11):
483 3750 633 3816 Donnes
662 3753 801 3836 wedam,
837 3771 938 3833 quem
964 3749 1118 3816 Parthis
1145 3751 1301 3815 Arsacis
1329 3755 1610 3833 praemoneret,
1639 3750 1813 3832 proditione
1845 3751 1939 3814 unu

191 3860 257 3923 tau
280 3859 427 3940 libellum,
454 3861 489 3923 in
516 3880 574 3941 qao
601 3859 763 3941 wnsuipti
790 3857 926 3922 thesauri
952 3859 1188 3942 continerentur,
1215 3857 1330 3922 attulit.
1379 3853 1474 3932 (1101
1500 3875 1568 3920 urm
1591 3858 1757 3938 inperator
1777 3855 1941 3922 Rauranus

192 3967 299 4049 teperet
319 3966 478 4049 intentius,
500 3965 597 4028 cultro
621 3963 738 4030 Gaium
760 3965 919 4045 1119111011
945 3963 1132 4029 urrtnerauit.
1177 3963 1238 4028 His
1267 3985 1305 4027 ex
1334 3961 1440 4027 uerbis
1464 3961 1602 4027 efficitur
1624 3967 1658 4025 et
1680 3961 1829 4027 Donnes
1850 3961 1885 4026 in
1907 3961 1940 4026 N

192 4076 277 4138 recte
300 4094 356 4156 per
378 4092 422 4136 nn
447 4070 603 4155 scriptum
626 4075 659 4135 et
682 4068 847 4154 Parthis,
874 4069 959 4155 quod
987 4069 1097 4134 omisit
1119 4066 1165 4153 N,
1187 4069 1363 4154 genuinum
1386 4089 1466 4133 esse.
1510 4067 1563 4132 Ad
1585 4073 1801 4132 artaxersen
1824 4065 1882 4154 (B)
1907 4073 1940 4134 et

194 4179 381 4243 artaxatis
404 4175 464 4263 (Ν)
492 4177 623 4243 tertium
651 4177 773 4242 accedit
799 4178 951 4241 arsacis.
995 4176 1035 4240 ln
1062 4175 1113 4238 hir
1141 4173 1331 4240 Foerstems
1360 4172 1413 4260 (de
1436 4172 1510 4238 Rufi
1537 4173 1698 4238 breuiario
1726 4174 1858 4258 eiusque
1887 4197 1938 4240 co·

192 4281 330 4370 dinibus)
354 4305 427 4368 pag.
449 4285 546 4368 13sq.
568 4306 685 4348 nomen
710 4282 810 4370 regis,
836 4283 928 4347 uelut
951 4283 1116 4362 Artaxias,
1140 4281 1241 4346 latere
1264 4283 1369 4366 putat.
1414 4279 1495 4345 Mihi
1519 4285 1631 4344 contra
1654 4280 1753 4345 codex
1771 4277 1804 4344 N
1826 4303 1937 4345 uerum

192 4413 338 4456 seruasse
362 4390 503 4475 uidetur,
527 4389 645 4475 quippe
669 4390 759 4455 ouius
783 4390 878 4454 lectio
898 4393 1051 4454 anaaatr's
1069 4391 1102 4452 et
1120 4387 1155 4451 in
1173 4375 1347 4452 arnamar
1365 4387 1450 4452 etin
1468 4388 1585 4452 arsacis
1602 4388 1766 4473 corrumpi
1785 4387 1938 4452 facillime

191 4497 343 4582 potuerit.
397 4495 473 4561 Nou
504 4498 620 4562 inutile
653 4497 782 4562 uidetur
813 4517 1063 4561 commemorare
1096 4493 1195 4559 etiam
1225 4492 1289 4578 ΠΙ,
1316 4493 1351 4578 5,
1374 4494 1416 4559 27
1441 4491 1512 4579 (66,
1537 4490 1594 4578 21)
1627 4496 1661 4558 in
1690 4493 1721 4557 N
1749 4495 1939 4559 artaxatis

352 4780 398 4847 24)
424 4777 503 4843 Quod
527 4777 659 4833 Jacobius
685 4779 731 4849 (da
754 4776 831 4832 Festi
855 4775 990 4832 breuiarii
1013 4775 1151 4846 lontibus)
1175 4774 1288 4829 Flomm
1310 4791 1328 4828 a
1349 4773 1432 4829 Festa
1455 4773 1626 4847 exscriptum
1649 4792 1710 4832 esse
1727 4792 1847 4846 negans,
1867 4791 1938 4844 quae

194 4870 311 4937 uterque
330 4868 428 4922 eodem
447 4867 493 4922 uel
511 4867 596 4922 simili
618 4867 702 4922 modo
720 4869 827 4936 narrat,
852 4867 888 4921 ad
911 4881 1084 4921 communem
1107 4865 1246 4934 quendam
1264 4864 1371 4918 fontem
1389 4864 1538 4918 referenda
1555 4867 1662 4932 censet,
1686 4863 1715 4917 id
1736 4863 1806 4918 mihi
1824 4863 1938 4932 quidem

194 4958 230 5011 ab
248 4957 386 5012 Eussnero
404 4955 548 5027 Philologi
569 4958 625 5011 uol.
639 4955 768 5010 XXXVII
791 4973 855 5026 pag.
872 4961 1014 5010 154-161
1037 4953 1188 5008 refutatum
1212 4969 1273 5007 esse
1297 4951 1416 5008 uidetur.
1454 4953 1509 5007 Sed
1533 4955 1566 5007 ut
1586 4969 1630 5006 res
1653 4951 1695 5006 ita
1717 4969 1747 5007 se
1766 4952 1883 5021 habeat,
1907 4957 1939 5009 ut

194 5045 326 5100 Jacobius
345 5045 399 5100 sibi
417 5044 568 5116 persuasit,
587 5049 682 5100 tamen
699 5043 776 5100 Festi
794 5043 886 5098 uerbis
905 5045 939 5098 ad
960 5043 1035 5097 l'lori
1056 5045 1218 5096 contextum
1238 5041 1464 5097 constituendum
1483 5039 1618 5095 adhibere
1636 5039 1743 5096 licebit
