4614 5718
999 249 1210 346 ,11-

229 469 304 514 nam
327 447 362 513 in
385 447 487 512 altera
504 449 598 532 parta
617 393 777 512 smintiati
796 443 935 509 oausulis
955 464 993 508 ax
1012 441 1124 508 datius
1142 443 1193 510 oui
1210 441 1433 507 nominatiuus
1451 444 1506 524 qai
1523 441 1722 527 supplendus
1741 446 1801 509 ast.
1827 441 1980 511 (laterum

229 553 263 620 iu
290 554 398 640 sllipsi
425 553 602 640 praedicati
630 557 704 617 assat
729 573 794 616 non
823 549 1048 616 offendendum
1076 571 1146 616 esse
1175 572 1213 616 ex
1237 549 1285 616 ais
1309 552 1458 634 apparat,
1486 569 1569 634 quae
1591 548 1794 635 collegerunt
1817 549 1980 617 Thomtus
2062 619 2067 631 ,

229 662 249 725 l.
268 683 293 728 s.
311 683 336 726 s.
360 681 434 747 pug.
454 663 493 726 11
519 665 552 726 st
574 659 706 745 Eganus
729 658 750 722 I.
769 678 795 721 s.
813 678 838 721 s.
860 675 937 741 pag.
957 655 1006 721 15.

386 793 439 862 Π,
462 794 499 862 a,
522 793 566 848 84
589 793 653 860 (81,
676 789 744 856 88)(
773 779 933 857 Quoniam
963 781 998 845 in
1027 781 1136 846 uerbis
1165 780 1275 863 quippe
1305 781 1430 846 diuerso
1460 801 1554 863 quom
1582 779 1705 846 tostis
1735 782 1980 846 mandauerat

226 893 344 958 sensuit
374 889 513 977 (scilicet
542 885 701 975 Regulus)
733 909 792 974 pro
823 887 919 954 hostis
947 885 1008 953 BJ
1017 887 1048 954 N
1080 887 1189 972 tostas,
1221 908 1281 972 pro
1311 887 1517 954 mandauerat
1544 886 1575 952 N
1607 888 1724 952 saltam
1753 889 1981 954 mandaueroat

228 997 395 1082 exhibent,
425 997 466 1062 ad
489 995 611 1062 Duksri
640 994 812 1061 lectionem
834 994 932 1061 hostes
954 996 1181 1060 mursduaeraat
1207 993 1312 1060 radira
1341 1015 1407 1059 uon
1437 992 1558 1060 dubito.
1604 993 1716 1058 Etiam
1745 994 1779 1059 in
1809 994 1869 1080 ais,
1896 1017 1980 1081 quaa

228 1104 341 1169 statim
365 1107 555 1190 sequuntur,
581 1123 619 1167 aa
645 1122 713 1185 pua
743 1105 840 1187 fieret,
871 1123 914 1166 ne
944 1103 1180 1168 commutatio
1211 1102 1403 1185 captantum
1434 1101 1616 1184 restruatur
1646 1101 1803 1166 memoria
1833 1101 1979 1167 oodioum

229 1211 428 1276 restituenda
457 1213 514 1276 est.
565 1207 650 1274 Nam
678 1208 701 1274 J
727 1209 863 1294 praebat
891 1229 944 1274 nes
973 1210 1180 1294 ammaum,
1210 1207 1237 1273 B
1265 1209 1541 1274 aeosoommutats'o
1572 1204 1685 1293 (quara
1708 1206 1859 1274 Halmius
1888 1231 1979 1294 praa-

228 1316 360 1382 tationis
387 1335 462 1402 pag.
480 1314 562 1382 VIII
584 1336 660 1382 naus
687 1315 784 1381 scribi
811 1311 929 1402 iubat),
955 1311 1011 1380 *N
1033 1305 1311 1380 no‘oomnoutztioao.
1356 1314 1471 1398 Itaque
1498 1335 1652 1380 mosum
1680 1311 1841 1381 Salmasio
1866 1316 1978 1400 probo.

229 1423 321 1488 Addo
353 1409 478 1488 millum
511 1428 678 1508 praetores
710 1422 794 1508 apud
826 1421 961 1488 Florum
992 1423 1099 1488 locum
1131 1443 1214 1507 essa,
1249 1442 1313 1507 quo
1344 1421 1518 1507 negatiuas
1545 1420 1725 1487 sententiae
1754 1421 1844 1488 finali
1874 1422 1978 1488 altera

227 1529 379 1616 nagatiua
402 1531 627 1617 subiungatur.

384 1663 435 1731 Π,
454 1665 485 1732 8,
503 1664 547 1720 48
565 1663 713 1732 (40,11):
736 1659 824 1720 aaa
845 1658 1006 1719 uentorum
1027 1654 1177 1720 uiolentia
1199 1657 1301 1718 coorto
1319 1657 1374 1738 est,
1396 1657 1432 1718 ut
1452 1653 1605 1719 diuinitus
1622 1651 1734 1718 tostam
1752 1674 1978 1722 summouere

225 1781 288 1825 aon
310 1782 332 1826 a
354 1761 449 1846 walo,
470 1763 523 1826 sal
543 1761 582 1827 ob
599 1762 685 1827 abis
707 1763 805 1844 tosus
826 1760 983 1826 namatus
1004 1765 1033 1825 et
1051 1759 1203 1844 Capitolio
1224 1761 1386 1825 uaoeao.
1425 1756 1478 1825 sio
1506 1759 1604 1825 Tollii
1628 1759 1812 1826 ooniootura
1838 1762 1977 1846 probata

146 1953 151 1964 .
225 1866 364 1933 Jahuius
395 1867 617 1953 Halmiusqus.
675 1866 739 1934 Sed
765 1868 800 1932 in
826 1866 920 1932 libris
947 1868 1115 1951 passiuum
1143 1867 1300 1933 traditum
1330 1870 1381 1931 ast
1404 1863 1650 1953 (ammonens
1673 1868 1846 1934 sanmuro·
1864 1867 1886 1934 J
1895 1867 1976 1956 *N).

226 1972 319 2050 Quod
348 1997 426 2040 num
455 1973 675 2060 recipiendum
703 1975 760 2059 sit,
789 1996 986 2060 quamquam
1018 1973 1160 2039 dubitari
1175 1995 1286 2058 ,possa
1315 1972 1470 2057 oonoado,
1498 1976 1608 2039 umen
1632 1973 1789 2040 eiusmodi
1812 1978 1975 2039 construo·

224 2079 323 2146 tionis
347 2080 496 2166 exempla
519 2084 629 2146 extare
651 2081 766 2167 negari
787 2103 854 2146 non
876 2083 999 2166 potast3
1021 2080 1095 2146 uida
1117 2079 1319 2166 Drangarum
1342 2081 1362 2145 l.
1381 2102 1407 2146 s.
1425 2101 1452 2145 s.
1474 2081 1494 2162 ξ
1516 2080 1598 2166 438,
1620 2079 1641 2146 5
1666 2086 1698 2145 st
1720 2081 1794 2146 461.

382 2214 509 2284 11,1a,
536 2215 556 2270 8
583 2215 653 2282 (88,
680 2215 745 2279 18)(
776 2204 943 2271 Duksrum
973 2205 1074 2270 saouti
1104 2202 1242 2270 Jahnius
1273 2204 1487 2291 Halmiusqua
1517 2204 1565 2269 sio
1594 2203 1753 2270 scribunt:
1787 2225 1879 2288 qaas
1908 2206 1976 2271 etsi

223 2311 329 2378 iuncto
356 2314 438 2377 inter
466 2333 498 2378 se
525 2317 599 2377 utut
629 2315 735 2379 omnia
762 2318 852 2396 atqua
880 2311 1022 2397 confusa,
1052 2321 1153 2376 tamon
1181 2332 1241 2395 quo
1269 2312 1378 2377 nulius
1406 2315 1597 2396 musoroont,
1619 2311 1713 2376 simul
1741 2316 1770 2374 et
1797 2331 1836 2376 ae
1863 2311 1976 2377 scelera

222 2419 389 2484 airtatrtss
407 2420 591 2505 obstrepunt,
613 2420 781 2503 separatim
793 2419 998 2502 proferantur.
1036 2416 1100 2484 Sed
1117 2439 1177 2502 pro
1195 2438 1287 2501 quae
1304 2419 1375 2485 etsi
1391 2419 1426 2484 in
1443 2417 1476 2484 N
1495 2422 1547 2483 ast
1564 2437 1656 2500 qaas
1672 2419 1718 2503 si,
1742 2417 1776 2482 in
1793 2415 1822 2483 B
1840 2418 1974 2502 paulum

223 2531 410 2616 corruptum
433 2528 547 2609 quasi.
585 2525 677 2602 Quod
700 2546 757 2591 cur
778 2525 962 2608 rsioismus,
985 2545 1050 2591 non
1075 2545 1240 2611 assequor.
1274 2523 1361 2590 Nam
1378 2525 1411 2590 si
1429 2523 1621 2610 praesertim
1640 2529 1796 2610 sequente
1814 2524 1975 2610 psrtioula

222 2637 325 2696 tumen
346 2633 414 2699 uim
437 2634 657 2700 oonoassiuam
681 2632 826 2698 obtinere
848 2637 962 2698 uotum
986 2636 1050 2717 est,
1073 2631 1131 2698 ofr.
1153 2630 1234 2698 Sall.
1250 2631 1328 2717 Jug.
1347 2632 1403 2717 85,
1426 2632 1469 2698 48
1496 2652 1587 2715 quae
1613 2632 1646 2697 si
1667 2631 1762 2697 dubio
1785 2635 1845 2696 aut
1864 2633 1975 2715 procul

222 2745 329 2824 essem,
357 2745 476 2806 tamon
502 2741 602 2806 monis
628 2740 720 2805 bonos
746 2740 955 2822 reipublicae
980 2739 1142 2805 subuenire
1168 2738 1287 2804 daoebot
1313 2741 1346 2804 et
1374 2759 1456 2824 quaa
1483 2737 1621 2804 oollsota
1649 2742 1726 2802 sunt
1754 2761 1773 2803 a
1799 2737 1973 2804 Kuohnaro

222 2839 471 2932 (ausfflhrlioha
494 2846 700 2912 Grammatik
723 2846 780 2911 dor
802 2845 1015 2912 lateinisohsn
1039 2839 1210 2932 Spmohe’)
1233 2845 1267 2911 ΙΙ
1290 2867 1364 2932 pag.
1382 2845 1447 2910 946
1471 2867 1518 2930 sq.

380 2978 614 3047 111‚1‚⁷(ss‚
633 2980 679 3043 aJ:
699 2971 1154 3054 sedrea,eapertusforttus
1171 2971 1320 3036 aduouss
1333 2968 1491 3035 Romam
1512 2989 1627 3034 usuam
1648 2989 1710 3036 asse
1731 2991 1825 3053 qums
1845 2970 1973 3056 saraam,

216 3099 326 3160 paoem
351 3079 432 3144 anit.
458 3069 600 3160 sanatus
622 3075 758 3142 debatur
779 3077 893 3143 Juhnii
916 3077 1135 3163 ooniaotura's,
1157 3076 1234 3141 libri
1256 3075 1379 3142 habant
1395 3077 1524 3159 perita.
1569 3075 1671 3162 quue
1694 3076 1802 3161 ipsum
1826 3076 1974 3142 restituo.

221 3183 306 3250 Nam
322 3186 444 3268 positus
465 3182 629 3248 interdum
652 3181 739 3250 idam
761 3185 850 3249 ualet
874 3189 972 3270 atque
994 3189 1147 3268 sapam,
1170 3187 1207 3248 ut
1231 3182 1342 3248 audem
1366 3181 1406 3247 da
1426 3203 1461 3246 ra
1484 3182 1604 3269 IsgItur
1625 3183 1690 3269 III,
1708 3184 1743 3269 5,
1763 3185 1805 3250 18
1825 3181 1896 3269 (65,
1914 3181 1972 3271 22)
2043 3263 2047 3270 ¹

221 3311 275 3356 rsa
297 3292 427 3357 cauum
449 3289 706 3372 Romanaeque
727 3292 917 3357 auaritiae
937 3293 1085 3374 peritus
1111 3311 1171 3354 neo
1193 3289 1299 3353 minus
1322 3291 1409 3354 recta
1432 3311 1530 3373 quam
1553 3309 1673 3373 ananus
1702 3291 1832 3373 ionum
1858 3311 1974 3356 mmor

214 3399 353 3481 prostans
375 3396 572 3482 similiaque,
595 3395 634 3460 ds
657 3396 774 3481 quibus
798 3397 868 3484 agit
891 3397 1073 3483 Draegerus
1097 3397 1118 3460 l.
1137 3419 1162 3462 s.
1181 3417 1205 3462 s.
1229 3395 1348 3482 5444,
1376 3418 1449 3462 oum
1471 3395 1635 3463 infinitiuo
1660 3397 1874 3484 ooniungItur.

379 3529 447 3598 111,
470 3532 519 3598 16,
542 3530 556 3585 1
578 3531 644 3598 (81,
666 3530 715 3596 m:
745 3521 842 3587 nitito
871 3522 976 3586 minsas
1005 3521 1157 3606 Apuleius
1187 3517 1379 3586 staminas
1409 3519 1609 3588 massanos
1637 3523 1775 3588 adserere
1797 3521 1873 3605 loyes
1901 3542 1965 3587 nou

220 3631 341 3694 destitit.
364 3635 513 3706 tautam,
529 3631 737 3694 animorum
760 3628 909 3694 Marius
930 3629 1056 3713 dabat,
1078 3629 1133 3712 qui
1153 3628 1308 3694 nobilitati
1328 3648 1444 3712 sastpar
1466 3629 1611 3694 iuimicus
1633 3651 1659 3694 a.
1678 3651 1708 3714 q.
1727 3651 1753 3695 s.
1794 3625 1847 3693 Sio
1865 3627 1971 3693 locum

219 3736 390 3802 coustituit
418 3735 558 3802 Jahnius
588 3757 725 3820 eumque
755 3733 817 3800 etsi
847 3733 1035 3801 dubitanter
1063 3734 1210 3821 sequitur
1237 3733 1390 3799 Halmius
1420 3730 1491 3821 (cfr.
1521 3735 1733 3820 praefationis
1764 3755 1838 3820 pag.
1868 3731 1972 3822 XIV).

221 3842 344 3910 Contra
365 3843 399 3907 in
418 3842 445 3908 B
470 3846 521 3908 sst
548 3847 669 3908 tontum
695 3837 765 3907 atro
787 3841 915 3907 Marius
936 3843 1042 3928 dabat,
1065 3841 1099 3907 in
1116 3841 1149 3906 N
1172 3847 1292 3908 matum
1314 3843 1491 3906 autumem
1512 3844 1582 3908 atro
1604 3843 1732 3908 Marius
1753 3842 1852 3908 dotat.
1888 3840 1972 3907 Utut

219 3950 322 4036 Igitur
344 3950 384 4015 do
407 3949 523 4014 esteris
547 3950 735 4034 statuimus,
758 3970 816 4013 our
837 3949 907 4013 atro
929 3953 987 4013 aut
1006 3970 1078 4014 oum
1096 3948 1217 4015 Jahnio
1236 3948 1400 4014 doleamus
1419 3951 1477 4013 aut
1495 3970 1568 4014 oum
1587 3948 1720 4014 Halmio
1740 3953 1773 4014 et
1791 3948 1972 4015 Binsfeldio

220 4055 440 4143 (quaestiones
471 4055 603 4120 criticas
626 4052 812 4142 Florisnas)
843 4075 917 4141 pag.
936 4054 983 4120 XI
1013 4056 1046 4121 in
1075 4057 1195 4122 uirium
1224 4061 1402 4141 mutamus,
1430 4077 1495 4120 non
1526 4056 1630 4122 uideo.
1676 4055 1747 4132 Qus
1774 4055 1808 4120 iu
1835 4078 1870 4122 re
1897 4079 1971 4122 oum

220 4162 420 4228 Mommseno
444 4161 625 4248 consentio,
648 4164 703 4248 qui
727 4167 848 4227 tantam
869 4162 940 4228 uiro
958 4162 1086 4228 Marius
1107 4163 1201 4229 dabat
1217 4163 1281 4248 spei
1300 4162 1397 4228 soribi
1414 4162 1515 4228 iubat
1551 4160 1703 4228 Ceterum
1728 4162 1786 4229 cir.
1803 4161 1861 4250 IV,
1879 4163 1909 4250 2,
1929 4164 1971 4229 12

221 4265 394 4356 (102,12)
422 4270 494 4336 ausi
519 4274 591 4352 post
620 4269 675 4335 too
700 4271 807 4334 atrum
833 4270 941 4336 modici
968 4271 1087 4336 uiolare
1112 4270 1272 4352 fauentia·
1301 4267 1358 4354 IV,
1383 4269 1438 4355 12,
1460 4270 1505 4334 44
1528 4267 1621 4356 (120,
1645 4266 1702 4356 17)
1728 4271 1878 4336 amulota
1897 4290 1971 4354 pro

219 4377 332 4442 ditium
353 4379 480 4444 adortus
500 4378 607 4442 airum
628 4379 780 4442 intantum
802 4376 909 4442 lstello.

377 4510 446 4580 111,
468 4512 525 4578 8ο,
547 4513 568 4566 8
591 4511 655 4578 (87,
673 4511 722 4575 ol:
751 4501 966 4584 dofssaotoram
994 4523 1110 4586 qssoqua
1132 4501 1251 4584 proelio
1279 4502 1392 4566 duacm
1418 4500 1532 4584 funera
1560 4501 1781 4585 inauratorum
1809 4501 1972 4567 8818585811

218 4611 352 4692 aequius
389 4608 529 4694 (scilieet
562 4604 768 4695 Spartacus),
804 4609 999 4692 captiuosque
1033 4611 1116 4675 oiroo
1150 4627 1258 4690 royam
1289 4609 1379 4674 iussit
1409 4611 1508 4675 armat
1538 4609 1723 4694 dapmnum,
1754 4610 1845 4692 quusi
1875 4609 1972 4692 ptam
2025 4597 2030 4608 ’

98 4711 100 4718 ’
217 4718 398 4800 sanaturus
419 4737 507 4782 maus
523 4717 727 4799 pratariam
748 4715 885 4798 dodaa,
908 4717 937 4782 si
959 4717 995 4782 da
1013 4717 1184 4799 amatore
1200 4717 1442 4781 mrsasrurias
1460 4714 1653 4797 (manaator
1670 4715 1717 4799 N)
1737 4715 1880 4796 fuisset.
1918 4714 1971 4782 Sic

218 4823 307 4909 librI,
339 4822 403 4887 nisi
435 4823 521 4906 quod
552 4823 586 4888 iu
618 4822 645 4888 B
679 4825 755 4887 ants
784 4821 895 4902 fuisset
925 4822 1056 4889 addItur
1087 4826 1160 4886 tam.
1206 4820 1284 4885 Inda
1316 4821 1456 4887 Iahnius
1489 4844 1625 4908 eumque
1658 4827 1787 4888 secutus
1820 4823 1970 4889 Halmius

218 4952 471 5015 superuacanea,
499 4933 535 4994 ut
562 4930 643 4995 mihi
667 4930 796 5016 quidam
824 4928 967 5015 uidetur,
989 4929 1172 4994 coniectura
1194 4927 1325 5013 scripsit
1353 4929 1473 4994 tusum
1498 4927 1625 5011 fecisset.
1669 4925 1757 4995 Nam
1777 4931 1888 5013 sitisset
1908 4931 1972 4996 hoo

218 5037 305 5123 loeo,
326 5041 364 5102 ut
386 5058 452 5103 nou
474 5057 546 5101 raro
571 5033 640 5122 (ofr.
663 5035 871 5102 Kuehnsrum
895 5036 916 5100 1.
935 5059 960 5102 s.
978 5034 1038 5101 s.I
1060 5056 1134 5122 pag.
1152 5034 1233 5121 519,
1252 5037 1291 5100 11
1313 5033 1409 5122 adn),
1431 5035 1517 5102 idam
1541 5037 1631 5102 ualet
1653 5042 1750 5123 atquo
1770 5037 1873 5121 factas
1888 5044 1971 5106 esset.

1721 5159 1759 5212 20
