4614 5718
1008 264 1044 408 1
1097 311 1207 410 r--

250 529 311 574 acc
333 508 428 573 enim
451 513 582 572 temere
602 507 687 572 allas
703 506 866 589 pulchrior
888 509 923 571 ln
944 507 1048 572 arbon
1067 513 1123 572 aat
1139 508 1302 590 mulcabo·
1320 507 1493 591 incumbas
1511 508 1659 585 labaala
1683 505 1728 594 II,
1752 507 1805 594 18,
1825 510 1845 574 3
1865 505 1935 597 (54,
1957 507 2011 596 ll)

248 620 472 680 acerrimae
493 615 590 680 alli-as
612 613 800 679 caccabelli
822 614 983 690 iniustam
1012 613 1078 694 Ill,
1102 615 1159 698 23,
1184 619 1203 680 8
1227 610 1298 699 (92,
1323 613 1380 699 25)
1404 614 1485 697 qaod
1505 634 1577 678 noa
1600 619 1730 680 temere
1752 616 1833 680 alias
1855 618 1890 680 la
1912 617 2012 681 ancli-

249 721 305 787 bac
327 721 420 787 bellis,

408 949 514 1016 Multo
543 950 638 1036 plura
661 949 702 1014 ad
725 949 943 1015 emendandos
970 949 1061 1016 Flori
1083 951 1185 1017 libros
1209 973 1247 1016 ex
1271 961 1423 1017 Jordane
1453 951 1576 1017 hauriri
1601 975 1696 1018 nemo
1714 954 1854 1039 ignorat.
1895 955 2011 1041 Itaque

249 1059 294 1144 ei,
326 1057 382 1143 qui
409 1059 443 1122 in
470 1057 544 1123 crisi
571 1055 667 1120 huius
696 1055 863 1140 scriptoris
891 1061 1076 1144 uersentur,
1109 1057 1172 1123 dici
1203 1059 1258 1123 uix
1288 1063 1412 1144 potest,
1445 1063 1602 1143 quantum
1633 1061 1786 1145 egregiae
1815 1060 2009 1128 Mommseni

249 1187 366 1251 operae
394 1165 541 1229 debeant
585 1160 672 1226 Nam
701 1185 897 1248 quamquam
925 1185 964 1228 ex
993 1163 1062 1230 eius
1092 1164 1233 1230 editione
1260 1187 1327 1230 non
1354 1167 1467 1230 tantus
1496 1163 1655 1229 redundat
1681 1165 1820 1254 fnictus,
1853 1173 2009 1253 quantum

248 1272 386 1336 forsitan
401 1269 563 1355 quispiam
577 1269 857 1352 sperauerit—id
876 1269 962 1355 quod
980 1271 1050 1356 ipse
1070 1271 1269 1356 significauit
1287 1271 1446 1355 prooemii
1465 1292 1541 1356 pag.
1555 1269 1665 1337 XXIV
1682 1309 1722 1319 -
1737 1277 1847 1340 tamen
1865 1297 1951 1341 nunc
1969 1276 2009 1342 de

248 1379 361 1443 multis
389 1377 469 1442 locis
499 1375 619 1440 certius
648 1374 772 1460 aliquid
801 1379 945 1441 statuere
972 1376 1050 1442 licet
1078 1400 1175 1463 quam
1204 1382 1310 1444 antee.
1354 1376 1441 1442 Ante
1469 1377 1579 1442 omnia
1607 1381 1714 1444 autem
1738 1379 1814 1446 inde
1837 1382 2007 1448 didicimus

248 1486 373 1551 codices
391 1483 635 1567 Pollingensem
655 1479 690 1570 (J
697 1479 738 1567 ¹’),
758 1504 822 1566 quo
841 1482 980 1548 Jahnius
1000 1483 1228 1569 Halmiusque,
1248 1487 1281 1548 et
1300 1483 1533 1549 Emmcranum
1553 1484 1622 1549 siue
1641 1484 1911 1555 Ratisbonensem
1930 1487 1967 1577 (J
1972 1489 2008 1576 8),

247 1613 311 1678 quo
330 1590 482 1655 Halmius
501 1611 585 1654 unus
604 1611 681 1654 neus
702 1591 765 1674 est,
784 1589 906 1654 nullius
926 1591 1057 1656 omnino
1076 1591 1173 1676 pretii
1192 1613 1272 1657 esse.
1309 1590 1392 1656 Vide
1411 1589 1605 1656 Mommscni
1624 1595 1825 1676 prooemium
1844 1619 1918 1683 pag.
1931 1595 2007 1662 LIV

248 1703 281 1764 et
299 1697 384 1763 LXI.
429 1695 513 1772 Quid
536 1696 637 1780 igitur
660 1696 699 1761 de
724 1695 770 1760 eis
793 1695 1002 1780 lectionibus,
1026 1720 1107 1783 quae
1129 1697 1181 1763 his
1205 1701 1335 1762 tantum
1358 1697 1522 1764 codicibus
1540 1699 1704 1785 nituntur,
1727 1700 1934 1768 iudicandum
1954 1705 2007 1791 sit,

247 1828 312 1871 non
336 1809 387 1868 est
410 1803 558 1868 dubium:
581 1801 760 1868 reiciendas
785 1807 861 1868 sunt
884 1804 924 1868 ad
947 1826 1046 1868 unam
1071 1825 1194 1869 omnes.
1229 1802 1327 1868 Vide:

406 1920 438 1988 1,
457 1921 510 1987 18,
528 1920 567 1974 21
584 1920 650 1986 (16,
668 1919 712 1984 4).
746 1907 906 1995 Scriptor,
925 1916 1099 1996 postquam
1119 1912 1158 1976 de
1177 1911 1273 1976 rebus
1294 1933 1313 1975 a
1331 1909 1454 1976 Manlio
1473 1909 1640 1996 Torquato
1661 1917 1693 1978 et
1712 1911 1843 1981 Valerio
1863 1913 2006 1983 (ioruino

247 2023 360 2084 contra
384 2017 495 2082 Gallos
520 2016 623 2101 gestis
647 2016 747 2080 uerba
770 2015 862 2101 fecit,
885 2015 932 2080 sic
955 2018 1077 2105 pergit:
1100 2038 1154 2083 acc
1174 2039 1238 2082 aaa
1260 2022 1364 2082 lamen
1382 2023 1453 2100 pasl
1475 2017 1594 2101 aliquot
1614 2041 1714 2085 annos
1736 2023 1837 2087 omnis
1858 2023 2007 2106 reliquias

246 2145 349 2190 eoram
367 2126 402 2189 ia
420 2125 555 2189 Etruria
571 2124 615 2188 acl
632 2123 733 2189 haam
753 2123 934 2188 Vadimomb
952 2123 1115 2189 Dolabella
1133 2125 1251 2208 aanor,
1269 2145 1308 2189 ae
1325 2126 1394 2206 aab
1412 2129 1528 2190 coloret
1544 2145 1582 2190 ec
1600 2147 1636 2190 ea
1651 2133 1750 2212 pena,
1769 2129 1833 2211 qai
1850 2130 2007 2195 incensam

245 2254 266 2296 a
287 2253 318 2298 se
335 2231 512 2297 Rornaaam
533 2231 639 2296 arbem
658 2231 852 2314 plaiarelar.
890 2229 952 2296 Pro
976 2232 1042 2316 qai,
1066 2231 1151 2316 quod
1170 2230 1310 2297 Jahnius
1329 2230 1545 2317 Halmiusque
1569 2253 1607 2296 ex
1631 2256 1694 2299 nno
1713 2235 1751 2301 Jl’
1773 2235 2007 2324 receperunt4),

247 2338 272 2403 B
291 2337 323 2404 N
342 2361 415 2404 cum
434 2338 582 2403 omnibus
601 2337 696 2403 bonis
716 2337 881 2402 codicibus
901 2336 1051 2403 iordanis
1070 2358 1162 2420 quae
1179 2338 1345 2423 praebent.
1379 2337 1494 2424 Itaque
1513 2360 1624 2403 eorum
1644 2341 1822 2408 auctoritas
1842 2344 2006 2428 sequenda

244 2451 303 2511 est.
340 2445 475 2510 Accedit
498 2444 585 2531 quod
607 2466 685 2528 qaae
707 2444 807 2510 etiam
831 2444 935 2509 multo
960 2445 1068 2529 aptius
1092 2449 1151 2509 est
1188 2444 1242 2511 An
1266 2444 1440 2530 quisquam
1464 2444 1606 2532 dubitat,
1629 2448 1708 2532 quin
1727 2448 1756 2512 ei
1779 2449 1916 2534 proeli0,
1940 2473 2005 2535 quo

245 2551 388 2619 Senones
413 2551 585 2617 Dolabella
613 2573 698 2616 anno
727 2574 755 2617 a.
779 2549 854 2616 Chr.
877 2572 907 2616 n.
932 2550 1196 2617 ducentesimo
1221 2551 1465 2638 octogesimo
1489 2551 1769 2640 tertio‘deuicit,
1797 2576 1836 2620 ex
1861 2555 1921 2641 eis,
1949 2557 2005 2642 qui

244 2659 380 2724 Romam
404 2659 627 2744 incenderant,
649 2679 745 2723 nemo
768 2656 966 2743 interfuerit,
989 2661 1026 2721 ut
1048 2661 1134 2724 recte
1157 2656 1223 2721 iam
1247 2657 1373 2722 monuit
1397 2658 1557 2723 Dukerus.

402 2763 472 2830 Nec
494 2765 601 2850 magis
624 2765 763 2850 probare
787 2763 876 2848 licet,
900 2765 986 2848 quod
1013 2771 1064 2841 11,
1083 2773 1259 2841 3,31(31,
1278 2773 1328 2836 16)
1350 2785 1410 2849 pro
1433 2765 1551 2848 ipsam
1578 2770 1670 2848 capot
1696 2766 1768 2831 belli
1786 2767 2004 2852 Cartbapiaem

243 2895 282 2937 ex
309 2894 373 2938 uno
402 2870 514 2937 eodem
544 2871 652 2936 codice
679 2872 799 2954 ipsam
826 2875 918 2952 capel
944 2871 1015 2937 belli
1042 2870 1260 2954 Oarlbapiaem
1288 2871 1386 2936 scribi
1416 2871 1507 2937 iubet
1537 2871 1578 2937 H.
1596 2872 1627 2937 J.
1646 2871 1821 2939 Muellerus
1853 2876 1887 2940 in
1917 2899 2002 2962 sym·

243 2980 327 3045 bolis
356 2978 397 3043 ad
429 2977 645 3043 emendandos
675 2978 849 3064 scriptores
877 2977 998 3042 latinos
1026 2974 1076 3063 (in
1099 2971 1308 3043 ‘Festschrift
1336 3001 1393 3042 zur
1423 2980 1453 3043 2.
1479 2977 1697 3044 Sbkularleier
1731 2978 1787 3044 des
1819 2981 2003 3048 Friedrich·

244 3085 479 3151 Werderschen
498 3079 759 3171 Gymnasiums’)
781 3105 857 3170 pag.
876 3083 928 3149 37.
965 3083 1052 3148 Nam
1075 3085 1194 3167 ipsam
1217 3088 1325 3150 exstat
1347 3085 1382 3149 in
1404 3084 1460 3150 BJ
1466 3083 1497 3150 N
1503 3135 1512 3168 ,
1535 3084 1718 3150 defenditur
1740 3092 1849 3152 autem
1873 3088 2002 3154 similli-

243 3195 304 3258 mis
329 3191 409 3257 locis
433 3192 464 3276 I,
484 3191 538 3276 16,
562 3191 582 3254 6
607 3189 678 3278 (20,
699 3189 755 3277 ll)
777 3193 848 3274 ipsa
870 3195 963 3274 capul
984 3191 1107 3255 urbiam
1126 3189 1235 3274 Capua
1258 3195 1291 3256 et
1313 3188 1361 3277 ΙΙ,
1385 3193 1420 3277 6,
1442 3192 1484 3256 38
1509 3189 1580 3278 (39,
1605 3189 1659 3277 12)
1685 3193 1890 3281 Hieroclem,
1913 3196 2002 3260 illam

241 3301 443 3366 seminariam
470 3297 590 3363 hostilis
617 3299 777 3385 mantes,
805 3299 894 3363 illam
913 3297 1083 3362 Annibalis
1109 3299 1319 3375 ainlibim·
1349 3297 1405 3364 cir.
1424 3297 1551 3364 Halmii
1578 3299 1812 3384 praefationem
1839 3301 2002 3386 pugilli.

242 3405 332 3471 Idem
355 3405 478 3489 legitur
501 3404 575 3469 nur.
594 3405 627 3469 9:
650 3406 752 3487 iprsam
775 3412 867 3488 capot
885 3406 985 3489 penora
1008 3405 1185 3471 lbraciam.
1965 3443 1971 3451 ·

401 3511 450 3578 De
474 3511 600 3576 duobus
624 3512 696 3577 aliis
719 3513 800 3578 locis
824 3511 910 3577 infra
931 3533 1006 3597 pag.
1026 3514 1044 3576 Ἰ
1069 3516 1193 3597 agetur.

400 3619 451 3684 Ex
475 3619 588 3684 eodem
612 3618 703 3684 fonte
726 3619 761 3683 in
785 3619 844 3704 eis,
868 3640 950 3704 quae
973 3618 994 3682 l.
1015 3641 1039 3682 s.
1059 3641 1082 3684 s.
1106 3640 1180 3706 pag.
1199 3619 1376 3683 203-210
1399 3618 1439 3684 de
1462 3620 1658 3686 auctoritate
1682 3621 1828 3687 codicum
1852 3620 1874 3687 J
1878 3621 1911 3686 N
1940 3623 2001 3709 egi,

240 3725 398 3790 nonnulla
425 3725 624 3810 corrigenda
674 3724 820 3790 Primum
849 3729 1005 3810 quattuor
1032 3726 1120 3791 locos
1153 3725 1288 3811 subieci,
1317 3725 1434 3810 quibus
1462 3727 1713 3793 commentarios
1737 3727 1865 3793 criticos
1888 3729 2000 3794 Jahnii

240 3831 429 3916 Halmiique
457 3837 586 3897 secutus
615 3833 648 3896 in
672 3832 694 3896 J
699 3830 731 3897 N
760 3833 889 3896 easdem
917 3832 1072 3897 lectiones
1096 3832 1234 3897 traditas
1263 3854 1335 3898 esee
1363 3831 1520 3918 dixeram,
1549 3855 1635 3898 nunc
1659 3837 1766 3898 autem
1790 3834 1851 3899 hos
1875 3835 2000 3901 codices

240 3939 327 4005 inter
351 3960 385 4003 se
409 3936 591 4024 discrepare
616 3939 749 4006 seimus:

180 4085 182 4090 -
398 4054 434 4122 1,
453 4056 484 4124 1,
503 4057 523 4110 8
542 4055 589 4122 (6,
607 4056 673 4119 1411
702 4046 777 4111 aber
799 4045 989 4110 admonitii
1012 4046 1084 4111 aber
1106 4046 1296 4112 ammoriill
1320 4043 1399 4132 (nisi
1424 4045 1510 4131 quod
1533 4045 1567 4110 in
1589 4045 1616 4112 L
1641 4051 1691 4112 est
1712 4047 1807 4112 obera
1829 4050 1939 4135 moral,
1965 4049 2001 4114 in

240 4151 271 4218 V
293 4153 386 4219 abeo
408 4153 563 4237 adnoail)
584 4153 679 4218 abero
701 4153 841 4217 admouit
862 4149 903 4216 N.

400 4266 450 4336 Π,
469 4270 504 4336 3,
527 4269 570 4324 35
593 4268 657 4338 (31,
680 4269 752 4334 3411
775 4260 905 4325 carceris
927 4257 955 4323 B
980 4279 1112 4325 carceres
1134 4259 1156 4325 J
1179 4280 1297 4325 earam
1319 4258 1360 4324 N.

398 4373 448 4443 11,
471 4378 506 4443 3,
529 4377 552 4431 4
575 4376 731 4443 (88‚16]:
763 4365 958 4432 noceatis
984 4365 1012 4430 B
1040 4365 1237 4432 adleaerenles
1264 4365 1303 4431 N.
1349 4365 1386 4432 Id
1414 4366 1522 4451 ipsum
1549 4365 1774 4454 (lammae
1803 4392 1999 4455 quamquam

240 4471 339 4536 ctiam
364 4472 448 4556 apud
471 4472 648 4538 Jordanem
670 4472 805 4558 legitur,
829 4473 857 4536 is
880 4477 991 4537 tamen
1013 4495 1079 4538 non
1103 4475 1323 4539 accusatiuum
1347 4473 1402 4537 sed
1425 4474 1664 4539 nominatiuum
1689 4498 1759 4541 esse
1783 4476 1902 4540 uoluit:
1924 4497 2000 4542 nam

238 4577 398 4661 Lipares
425 4579 463 4642 bi
489 4580 562 4645 imre
588 4579 720 4664 Alpium
747 4579 828 4662 iupis
855 4579 1095 4644 adhaerentes
1125 4581 1205 4645 inlr
1233 4579 1352 4646 Varum
1379 4579 1586 4664 Magramqae
1612 4603 1735 4647 ammae
1762 4582 1925 4665 inplicitos
1951 4582 2000 4666 (.)

238 4686 342 4751 clamis
363 4685 553 4764 siluestribus
575 4685 815 4771 eciclilabaat,
842 4689 932 4769 qaae
951 4707 1031 4769 pene
1052 4689 1156 4752 maias
1175 4686 1241 4767 sall
1261 4688 1402 4752 inuenire
1423 4709 1517 4772 qoam
1539 4690 1660 4755 airrcae
1683 4687 1771 4775 (pag.
1790 4688 1846 4772 22,
1872 4689 1914 4754 14
1928 4689 1999 4778 sq.).

397 4801 448 4870 11,
467 4805 503 4871 6,
521 4803 569 4858 40
588 4803 658 4870 (39,
677 4803 746 4865 aet:
768 4793 876 4858 solam
898 4794 994 4859 ocalrsss
1016 4793 1044 4858 B
1067 4795 1172 4859 saltim
1195 4794 1291 4860 omlis
1314 4793 1336 4859 J
1358 4795 1466 4860 satan
1488 4796 1537 4860 ael
1560 4796 1654 4860 anelis
1676 4793 1717 4858 N.

398 5025 425 5090 4)
450 5021 569 5077 Silentia
593 5021 748 5093 praeterire
770 5021 836 5076 nolo
860 5022 1013 5076 secundum
1037 5019 1191 5077 Woelfflini
1215 5022 1395 5077 collationem
1419 5021 1449 5075 in
1466 5021 1493 5075 N
1517 5021 1552 5076 ad
1573 5020 1729 5092 marginem
1750 5024 1896 5080 etaltera
1914 5041 1998 5080 manu

238 5109 414 5180 adscriptum
433 5109 487 5164 hoa
505 5110 575 5182 legi:
594 5112 638 5181 td.

1749 5219 1784 5272 1*
