4614 5718
1191 282 1234 346 20

340 501 476 564 eumque
499 480 568 544 iure
592 479 694 543 secuti
718 481 794 544 sunt
813 479 951 545 Iahnius
970 478 1197 563 Halminsque,
1220 479 1255 542 in
1273 477 1461 544 usitatiores
1480 478 1621 542 mutauit
1639 477 1684 544 N:
1708 478 1737 563 l,
1755 479 1789 561 9,
1809 479 1828 544 8
1852 475 1924 564 (13,
1942 473 1978 563 5)
1996 478 2086 559 qnasi

338 588 475 670 mnmpio
504 587 636 669 quodam
665 586 856 668 (conluuione
879 588 1014 668 madum
1037 584 1096 671 Ν),
1128 585 1158 669 Ι,
1185 584 1279 669 15,1
1310 581 1381 670 (19,
1403 583 1461 671 21)
1488 586 1619 668 quodam
1645 585 1783 666 cantapia
1810 585 1999 666 (eontapione
2025 581 2085 670 Ν),

339 692 386 777 Π,
408 693 456 777 17,
475 693 496 758 5
520 689 668 778 (5211)
691 693 763 757 inde
784 695 957 777 contapinm
980 695 1130 776 (cantapia
1152 690 1209 777 N).

498 809 562 876 IV,
581 809 615 875 5,
634 809 653 863 2
673 808 762 876 (106,
781 809 849 873 eei:
872 797 1063 886 (Antonius)
1082 799 1322 881 (1111111111
1339 795 1457 863 colorus
1476 797 1632 862 incitando
1650 799 1782 863 iterum
1800 799 1839 862 in
1856 817 1961 861 arma
1983 819 2084 863 reuo-

339 911 492 971 cauerat
514 906 541 971 B
566 908 697 970 iterum
720 909 757 971 in
781 928 885 972 arma
907 909 1009 972 ierat
1030 905 1072 973 N.
1107 903 1200 970 Nunc
1219 904 1382 989 plurimis,
1404 904 1468 968 nisi
1491 904 1578 989 quod
1591 904 1755 970 Baehrens
1775 905 1951 969 lectionum
1970 905 2085 969 latina-

339 1034 410 1076 rum
440 1032 515 1097 psg.
542 1013 582 1078 13
611 1015 720 1078 iteum
749 1016 782 1077 in
811 1035 903 1079 uruca
931 1035 995 1078 rem
1024 1017 1221 1078 raumara
1250 1009 1453 1077 scribendum
1483 1010 1635 1096 coniecit,
1670 1011 1820 1097 Hauptii,
1850 1012 1889 1076 de
1919 1032 1983 1094 qua
2011 1010 2085 1074 uide

340 1119 452 1184 Jahnii
479 1119 713 1204 praefationem
735 1141 810 1205 pag.
828 1120 937 1206 XXII,
964 1121 1149 1186 coniectura
1175 1117 1346 1203 probatur:
1373 1119 1507 1182 iterum
1533 1138 1636 1182 arma
1663 1119 1787 1184 cierat.
1831 1117 1955 1202 Hisque
1977 1117 2085 1181 uerbis

340 1226 555 1292 imitationem
579 1225 684 1291 Taciti
706 1227 813 1293 inesse
841 1226 1006 1293 contendit
1027 1226 1158 1311 Egenus
1182 1226 1202 1290 l.
1222 1247 1246 1291 s.
1266 1247 1290 1288 s.
1308 1245 1382 1310 pag.
1403 1225 1443 1288 13
1467 1223 1538 1289 adn.
1559 1224 1587 1288 1.
1633 1222 1709 1310 Sed,
1736 1225 1770 1289 ni
1792 1224 1903 1309 fallor,
1930 1224 2085 1292 correctio

339 1332 399 1396 illa
422 1353 659 1418 superuacanea
681 1339 740 1400 est
780 1333 880 1400 Recte
903 1356 937 1399 se
960 1333 1073 1418 habet,
1097 1331 1182 1416 qnod
1206 1331 1238 1395 in
1262 1330 1293 1396 N
1314 1336 1377 1417 est,
1398 1333 1509 1395 iterum
1531 1332 1567 1395 in
1588 1351 1680 1396 crena
1702 1332 1793 1416 ierat,
1817 1353 1899 1416 quae
1921 1331 2000 1395 ilem
2023 1330 2086 1395 for·

342 1439 430 1503 mula
448 1437 579 1506 Tacitea
598 1444 661 1526 eat,
679 1441 734 1506 cfr.
754 1441 836 1506 Ann.
850 1439 880 1525 I,
899 1440 941 1506 55
952 1445 1025 1523 post
1042 1441 1123 1522 quod
1138 1441 1173 1502 in
1190 1459 1281 1503 uruca
1298 1440 1386 1504 itum.
1424 1437 1576 1522 Adiungo
1595 1437 1629 1502 id
1646 1437 1753 1522 ipsum
1771 1436 1827 1523 IV,
1842 1440 1872 1523 8,
1890 1438 1911 1502 5
1926 1435 2014 1523 (110,
2025 1437 2085 1522 ,19)

342 1545 382 1611 ab
401 1544 533 1612 Halmio
556 1569 614 1632 pro
634 1552 786 1633 eonupta
804 1547 923 1612 codicis
941 1546 969 1613 B
989 1546 1143 1612 memoria
1166 1546 1267 1628 itaque
1289 1544 1399 1610 inille
1420 1545 1464 1610 ud
1484 1565 1575 1610 annia
1596 1565 1706 1610 rursus
1729 1541 1775 1630 (N
1794 1544 1913 1628 uiginti
1932 1548 2087 1628 quattuor

343 1673 454 1717 uersus
470 1652 595 1740 omisit)
611 1655 766 1740 scriptum
781 1675 861 1738 esse,
875 1675 1069 1739 quamquam
1089 1652 1226 1718 concedo
1240 1651 1326 1716 hunc
1339 1651 1446 1716 locum
1460 1651 1600 1717 fortasse
1615 1651 1710 1716 aliter
1728 1650 1990 1716 constituendum
2010 1673 2085 1715 esse.

499 1768 559 1838 IV,
577 1773 606 1838 7,
624 1769 644 1821 2
663 1770 754 1838 (108,
772 1769 817 1833 5):
835 1761 940 1826 1111111
958 1779 981 1824 e
999 1761 1088 1825 nura
1105 1761 1140 1823 in
1154 1757 1339 1842 Capitolium
1357 1757 1563 1840 confuperant.
1602 1757 1640 1822 In
1658 1755 1690 1821 N
1707 1758 1906 1843 praepositio
1926 1777 1949 1822 e
1967 1758 2083 1822 omissa

342 1871 392 1931 est
414 1865 511 1952 idque
533 1867 643 1953 probo.
688 1865 773 1933 Nam
799 1865 930 1932 Florum
959 1889 1023 1932 non
1054 1887 1126 1932 raro
1157 1865 1303 1931 ablatiuo
1333 1865 1389 1950 qui
1418 1865 1535 1931 dieitur
1564 1863 1778 1950 separationis
1802 1864 1932 1929 omissis
1954 1887 2086 1950 praepo

343 1973 516 2038 sitionibas
545 1975 596 2040 nti
625 1997 664 2040 ex
694 1975 740 2040 eis
771 1977 919 2058 apparet,
947 1996 1029 2058 quae
1058 1973 1191 2060 collegit
1218 1971 1381 2037 Thomdus
1404 1973 1425 2038 l.
1445 1994 1469 2038 1.
1488 1994 1513 2038 s.
1535 1991 1609 2058 pag.
1630 1971 1681 2055 17,
1708 1971 1798 2035 uelut
1814 1972 1926 2055 pulsus
1947 1971 2090 2055 Eturru,

342 2081 423 2146 caelo
452 2082 636 2166 1111111111,
665 2081 745 2147 coelo
773 2082 878 2146 missa.
923 2077 1030 2146 Simili
1059 2080 1154 2145 modo
1185 2079 1260 2144 libri
1291 2101 1387 2144 manu
1417 2079 1530 2163 scripti
1559 2079 1643 2143 inter
1673 2099 1707 2142 se
1735 2077 1919 2164 discrepent
1945 2077 1976 2164 I,
1996 2080 2087 2164 10,1

342 2186 415 2274 (13,
434 2185 483 2274 8),
505 2189 562 2252 ubi
585 2187 613 2251 B
635 2192 721 2252 recte
744 2186 875 2252 exhibet
890 2187 994 2270 pulsis
1016 2186 1089 2251 urbe
1110 2185 1241 2270 rupibus,
1263 2185 1463 2271 praepositio
1486 2206 1527 2250 ea
1549 2185 1585 2250 in
1606 2183 1638 2249 N
1660 2206 1829 2269 perperam
1853 2184 1965 2250 addita
1987 2188 2046 2250 est

500 2303 560 2370 Π,
577 2301 631 2371 12,
650 2303 692 2358 86
715 2301 883 2370 (111111
905 2291 984 2358 nihil
1002 2293 1200 2358 insultatione
1217 2291 1418 2358 barbarorum
1435 2291 1722 2357 intolerabilius.
1759 2290 1813 2357 Sic
1832 2291 1868 2356 B.
1904 2291 1968 2357 Sed
1986 2293 2088 2357 multo

343 2404 487 2486 praestat
509 2400 667 2465 memoria
690 2399 808 2464 codicis
826 2400 859 2465 N
882 2401 1159 2466 intolerantius.
1195 2398 1281 2465 Nam
1299 2404 1526 2485 praeterquam
1549 2397 1635 2483 quod
1658 2397 1755 2462 lectio
1777 2397 1865 2462 haud
1887 2398 1984 2464 dubie
2008 2399 2090 2463 diffi-

344 2506 436 2573 cilior
458 2510 521 2591 est,
543 2507 627 2571 hanc
650 2528 776 2592 qnoque
800 2527 912 2572 uocem
935 2505 1066 2572 lectioni
1089 2507 1245 2572 librorum
1264 2505 1369 2572 Taciti
1393 2505 1531 2592 scriptor
1554 2504 1669 2570 debere
1689 2503 1830 2586 uidetur,
1853 2505 1907 2570 cfr.
1926 2504 1998 2572 Tac.
2019 2529 2091 2572 ann.

344 2611 407 2698 III,
429 2614 473 2678 45
494 2613 708 2678 intolerantior
729 2614 861 2679 seruitus
878 2613 989 2678 iterum
1011 2615 1113 2699 uictis,
1137 2635 1232 2698 quem
1252 2612 1293 2678 sd
1311 2615 1419 2678 locum
1436 2611 1652 2698 Nipperdcius
1675 2611 1823 2694 exempla
1840 2633 1879 2676 ex
1897 2611 1971 2678 aliis
1991 2613 2089 2698 scrip·

343 2719 470 2785 toribus
500 2719 645 2807 collegit,
675 2724 708 2784 11
730 2719 789 2803 XI,
815 2720 856 2784 10
885 2741 917 2786 eo
945 2720 1076 2801 ferocior
1104 2725 1132 2786 et
1160 2720 1299 2785 adiectis
1325 2720 1546 2784 intolerantior.
1592 2715 1720 2783 Similia
1747 2722 1823 2780 sunt
1850 2719 1934 2803 apud
1959 2717 2091 2786 Florum

344 2825 374 2912 I,
394 2827 423 2911 7,
442 2827 462 2890 9
481 2823 555 2912 (11,
574 2823 609 2911 8)
636 2826 708 2891 illut
732 2827 918 2913 horrendius,
945 2829 1027 2910 quod
1047 2851 1073 2894 e.
1092 2850 1122 2912 q.
1140 2850 1166 2893 s.
1194 2827 1394 2905 (liorrendum
1417 2824 1463 2912 N)
1487 2829 1520 2891 et
1542 2824 1599 2910 IV,
1622 2823 1674 2906 12,
1694 2822 1736 2887 66
1760 2818 1853 2909 (123,
1872 2823 1928 2912 24)
1956 2829 2092 2892 sanctius

344 2938 374 2998 et
394 2934 580 2998 reuerentiae
596 2934 700 2998 uisum
717 2938 887 2998 1111111111
899 2934 1048 3019 Aupusti,
1070 2934 1123 3000 cfr.
1144 2933 1217 2999 Tae.
1238 2933 1344 2998 Germ.
1363 2932 1407 2997 34
1423 2934 1560 2998 sandius
1577 2951 1614 2996 ac
1635 2931 1820 2995 reuerentiae
1837 2933 1941 2997 unsrun
1963 2935 1999 2998 de
2016 2936 2092 2999 11111

345 3041 469 3106 deorum
491 3041 608 3106 medere
628 3061 721 3123 puam
743 3041 828 3107 scire.

504 3155 563 3224 Ν,
585 3155 639 3224 12,
662 3156 705 3211 54
727 3156 814 3223 (122,
837 3156 869 3221 t)
898 3147 932 3212 in
955 3147 982 3213 B
1010 3147 1089 3213 haec
1116 3152 1204 3212 sunt:
1231 3167 1284 3212 nee
1311 3151 1417 3210 temere
1439 3150 1579 3228 sumptae
1605 3142 1745 3208 barbaris
1767 3143 1928 3210 ameum
1951 3151 2006 3210 ra
2028 3149 2092 3211 im-

339 3258 449 3338 petus
470 3255 532 3320 sed
546 3255 658 3337 positis
684 3255 809 3336 111111,
832 3255 867 3319 in
889 3253 920 3320 N
942 3254 1035 3320 haec:
1064 3275 1117 3320 nec
1140 3260 1245 3320 nenne
1267 3258 1406 3336 sumpms
1423 3258 1459 3318 ut
1479 3251 1620 3318 barbaris
1646 3251 1759 3331 impes
1785 3256 1817 3314 11
1837 3255 1949 3333 posius
1976 3256 2093 3320 castis

347 3360 471 3437 Quibus
500 3360 539 3425 de
569 3358 677 3425 uerbis
701 3359 853 3444 quoniam
877 3361 943 3426 iam
966 3361 1035 3447 egit
1056 3360 1237 3427 Kochlcrus
1261 3361 1283 3427 l.
1301 3382 1325 3424 s.
1344 3383 1369 3425 s.
1388 3381 1461 3448 pag.
1479 3359 1536 3441 42,
1558 3357 1591 3421 id
1613 3376 1713 3420 unum
1737 3354 1854 3422 addere
1878 3359 1981 3445 uolui,
2002 3361 2093 3426 nullo

347 3473 516 3552 praeterea
540 3464 625 3550 apud
648 3466 823 3551 scriptores
842 3467 963 3533 latinos
982 3469 1053 3533 loco
1071 3467 1307 3533 nominatiunm
1331 3469 1444 3550 impes
1466 3464 1625 3530 trudibum
1649 3481 1720 3528 esse
1742 3462 1847 3529 uideri
1866 3464 1935 3550 (cfr.
1952 3465 1985 3532 N
1988 3468 2094 3532 eniam

346 3574 367 3639 l.
386 3596 412 3640 s.
431 3597 456 3640 s.
476 3573 490 3640 l
514 3594 587 3658 pag.
606 3570 697 3658 582).
742 3572 942 3658 Quamquam
966 3575 1069 3659 igitur
1093 3575 1132 3640 de
1153 3574 1215 3639 hac
1236 3574 1342 3640 forma
1370 3595 1442 3638 cam
1464 3571 1595 3637 Dukero
1623 3568 1771 3634 dubitare
1795 3572 1883 3658 lieet,
1910 3577 2021 3638 tamen
2043 3595 2093 3640 res

347 3682 445 3768 digna
467 3680 548 3746 mihi
570 3678 711 3764 uidetur,
735 3701 816 3765 quae
839 3685 1116 3746 commemoretur.

1081 3897 1262 3984 CAPUT
1294 3899 1364 3984 lV.

505 4118 556 4186 11,
575 4117 667 4187 a,1a
689 4116 843 4186 (ao‚12):
866 4109 1052 4192 trepidabam
1069 4109 1219 4174 11111111
1236 4109 1319 4174 eirca
1337 4105 1602 4173 Camerinensium
1622 4109 1750 4194 saltum,
1772 4111 1825 4175 aed
1844 4111 1959 4174 animia
1980 4109 2095 4173 uirtute

348 4213 500 4298 Outpurm
517 4215 687 4281 Flammae
705 4216 821 4280 1111111
839 4215 974 4280 militem
992 4217 1153 4282 mucimus.
1190 4216 1244 4298 qui
1267 4216 1341 4280 11111
1364 4219 1561 4280 treomtorum
1579 4235 1676 4281 nmnu
1698 4219 1880 4282 insessum
1902 4214 1941 4278 ab
1962 4213 2095 4280 11111111

349 4322 502 4386 tremulum
523 4324 684 4406 occupauit
700 4319 900 4408 adaequem)
919 4327 1055 4388 moratu
1073 4321 1169 4387 hostes
1187 4326 1241 4406 est,
1264 4323 1338 4387 dum
1359 4321 1508 4387 canutus
1531 4323 1631 4389 ornnis
1652 4325 1799 4390 maderet
1834 4320 2017 4383 insessum
2035 4320 2094 4387 Bi

348 4429 524 4509 infestum
549 4434 582 4493 et
604 4430 781 4495 incessum
803 4427 844 4494 N.
888 4429 999 4496 Lectio
1022 4427 1141 4495 codicis
1164 4426 1196 4493 N
1219 4427 1300 4492 mihi
1322 4432 1401 4493 nats
1424 4449 1494 4494 esse
1518 4429 1646 4496 uidetur
1668 4453 1707 4495 ex
1729 4426 1874 4507 infestam
1896 4423 1915 4485 1
1937 4426 2096 4512 insanin,

349 4540 385 4601 ut
416 4535 562 4616 infestum
592 4535 685 4600 uaria
722 4536 818 4601 lectio
855 4557 915 4622 pro
952 4538 1102 4601 insessam
1136 4534 1285 4600 habenda
1321 4535 1378 4620 sit,
1417 4556 1513 4621 quam
1549 4557 1588 4601 ex
1625 4529 1846 4618 dittographia
1882 4537 1988 4597 ortam
2024 4555 2095 4598 esse

350 4643 506 4729 suspicari
535 4643 612 4708 licet
641 4640 710 4729 (cfr.
735 4639 848 4708 Jahnii
877 4642 1112 4728 praefationem
1142 4662 1216 4727 pag.
1238 4639 1333 4707 XXII
1341 4637 1403 4728 sq).
1448 4641 1510 4709 Sed
1539 4665 1580 4708 ne
1609 4643 1757 4706 insessum
1787 4637 1916 4722 quidem
1943 4643 2031 4706 recte
2061 4662 2095 4705 se

347 4749 467 4815 habere
490 4750 628 4816 uidetur.
672 4749 759 4814 Nam
781 4753 818 4814 ut
845 4772 901 4834 per
924 4771 958 4814 se
983 4748 1052 4816 ueri
1079 4748 1186 4814 simile
1214 4770 1247 4814 es
1255 4755 1278 4834 1,
1306 4749 1413 4814 locum
1439 4748 1546 4834 illum,
1576 4767 1671 4832 quern
1695 4741 1888 4828 Oalpumins
1916 4747 2096 4831 occupauit,

350 4856 390 4920 ab
412 4856 562 4922 hostibus
584 4878 650 4921 non
672 4859 864 4940 occupatum
887 4855 1001 4942 fuisse,
1025 4855 1081 4922 sed
1104 4826 1263 4921 tricentos
1287 4855 1362 4920 illos
1386 4855 1511 4940 impetu
1533 4855 1567 4918 in
1590 4849 1711 4916 medios
1734 4849 1846 4916 hostes
1869 4851 1955 4917 facto
1979 4852 2095 4918 collem

508 5087 553 5154 21)
571 5085 688 5155 adeoque
706 5083 757 5155 (sic
775 5083 835 5154 JN)
853 5082 1003 5138 mamonae
1022 5082 1129 5138 codicis
1147 5083 1170 5136 B
1188 5089 1269 5152 utque
1286 5083 1499 5154 praeferendum
1518 5094 1579 5134 erse
1597 5074 1681 5130 docui
1699 5077 1718 5133 l.
1734 5097 1755 5134 s.
1770 5097 1791 5135 s.
1810 5094 1874 5149 pag.
1889 5083 1948 5133 206.
